2002 2959
531 122 598 164 23.
621 107 834 153 Februarii
856 109 981 166 1782.
1402 116 1457 166 '25

122 166 313 208 Ecclessae
337 165 378 207 S.
402 166 621 222 Augustini
661 167 859 216 servitio,
893 169 947 209 ita
966 179 1102 209 tamen
1130 175 1176 209 ut
1208 159 1231 209 {1
1266 167 1444 222 geminis

126 224 394 280 Cappellanis
429 225 476 265 ab
513 225 847 282 Archiepiscopo
893 224 1116 266 nominatis
1167 224 1280 266 simul
1330 240 1452 268 cum..

125 281 425 324 Confratribus
448 282 820 324 Confraternitatis
853 283 921 323 sub
947 282 1215 325 invocatione
1251 282 1296 323 S.
1319 285 1456 323 Fran-

125 341 218 382 cisci
267 339 315 379 de
352 339 470 381 Paula
503 340 557 380 ibi
594 339 791 381 canonice
827 338 976 382 ereflae
1028 343 1076 380 ab
1111 340 1452 396 Archiepiscopo

124 397 279 451 Borgia
309 396 510 439 moxdicla
532 397 721 439 Ecclesiae
743 411 871 438 onera
891 410 983 437 cum
1012 396 1278 438 incremento
1301 397 1451 439 Divini

125 455 261 498 cultus
282 483 294 501 ,
324 455 559 510 summaque
586 454 752 512 Populis
770 453 1000 495 devotione
1020 483 1032 500 ,
1067 453 1110 494 &
1127 454 1331 494 concursu
1372 455 1453 496 ab-

125 512 393 554 solverentur
415 543 427 562 ,
460 512 504 553 ὅτ.
536 511 754 567 adimpleta
781 510 953 553 fuerunt
987 513 1112 566 usque
1148 511 1194 550 ad
1234 511 1341 551 diem
1382 525 1453 552 Π.

127 569 238 622 Junii
263 572 360 610 anni
391 570 513 626 1776.
534 603 542 617 ,
577 584 660 623 quo
698 579 892 623 temp-ore
922 568 971 610 cl.
1010 582 1086 608 me.
1114 568 1349 609 Cardinalis
1384 570 1456 609 Pa-

128 628 343 670 raccianus
365 627 712 682 Archiepiscopus
731 656 742 673 ‚
762 626 931 667 instante
951 624 1109 666 paroch
1126 639 1140 659 τ
1156 655 1167 672 ,
1202 625 1246 666 ἃ.
1269 625 1454 667 plebano

130 684 380 726 Parochialis
400 683 590 724 Ecclefiae
609 683 811 724 Flebaniae
835 683 876 724 S.
901 683 1050 738 Angeli
1084 682 1264 734 ejusdem
1288 683 1454 737 Oppidi

131 743 295 784 Montis
327 741 483 781 Fortini
521 739 665 781 dietam
701 739 916 782 Ecclesiam
959 756 1050 783 cum
1085 741 1296 795 supprelso
1334 742 1452 782 Con-

130 812 262 842 ventu
293 799 334 841 S.
358 798 575 854 Augustini
595 813 686 840 cum
706 799 898 839 omnibus
920 798 1020 840 illius
1041 798 1239 839 fruebbus
1262 829 1274 846 ,
1312 800 1449 840 reddi-

130 858 240 899 tibus
262 886 274 904 ,
308 856 351 897 c&
372 857 568 897 oneribus
589 885 601 902 ,
633 855 801 898 remotis
817 857 1080 911 Cappellanis
1096 887 1108 904 ,
1133 855 1271 899 univit
1292 856 1453 899 moxdi·

133 914 208 958 &ae
237 914 498 961 parochiali,
538 914 582 956 ἃ
601 914 791 956 Flebanae
813 913 1008 956 Ecclesiae
1029 914 1070 954 S.
1099 913 1245 966 Angeli
1265 944 1276 956 .

74 974 143 1017 De
164 975 235 1014 hac
259 973 414 1013 unione
437 971 661 1028 conquesta
694 971 770 1012 fuit
791 972 1080 1014 communitas
1117 972 1283 1014 Montis
1315 971 1455 1013 Forti-

134 1032 209 1078 ni,
241 1031 295 1074 ὅσ
330 1032 378 1071 de
412 1028 513 1071 illius
536 1029 717 1070 nullitate
737 1029 973 1071 solemniter
996 1029 1223 1084 protestata
1243 1029 1298 1071 est
1321 1059 1332 1070 .
1367 1031 1456 1071 De-

134 1088 277 1131 functo
295 1088 399 1129 vero
418 1087 749 1144 Archiepiscopo
765 1088 994 1129 Paracciani
1017 1088 1084 1128 sub
1105 1086 1170 1128 die
1197 1100 1256 1127 12.
1273 1084 1456 1140 Januarii

136 1146 344 1200 sequentis
363 1145 458 1184 anni
482 1159 604 1200 1777.
622 1175 634 1192 ,
662 1145 801 1186 eadem
823 1145 1116 1186 Communitis
1140 1143 1309 1185 nomine
1331 1145 1461 1185 totius

138 1203 287 1249 Cleri,
325 1202 369 1244 δι’,
394 1203 538 1257 Populi
570 1216 714 1257 preces
745 1203 938 1258 porrexit
975 1200 1232 1243 Sanffiffimo
1267 1201 1461 1243 Domino

138 1260 298 1303 Nostro
321 1291 330 1306 ,
365 1260 670 1315 postulavitque
690 1290 702 1307 ‚
733 1271 805 1309 ut,
825 1272 1020 1302 revocata
1042 1260 1212 1302 Unione
1234 1288 1246 1306 ,
1285 1258 1464 1303 Ecclefia

142 1320 185 1360 S.
206 1318 420 1373 Augustini
445 1317 490 1358 acl
510 1318 623 1358 suum
643 1317 859 1374 pristinum
890 1318 1050 1359 Statum
1078 1317 1393 1373 redintegretur
1415 1349 1424 1358 .

83 1375 409 1419 communitatis
430 1389 574 1429 preces
593 1375 762 1417 remiffae
777 1375 947 1418 fuerunt
965 1377 1013 1417 ad
1036 1376 1139 1417 lianc
1156 1375 1323 1418 Sacram
1343 1376 1463 1416 Con-

143 1434 433 1490 gregationem
453 1462 463 1472 .
499 1433 591 1474 Fuit
623 1433 783 1474 auditus
822 1433 1047 1475 modernus
1069 1433 1424 1488 ArchIepiscopus
1447 1461 1461 1480 ,

142 1492 214 1548 qui
243 1491 384 1533 retulit
404 1519 415 1537 ,
451 1504 551 1531 vera
569 1489 644 1532 esse
675 1491 716 1531 in
737 1490 929 1547 precibus
948 1490 1131 1547 expolita
1151 1518 1164 1537 ,
1201 1491 1429 1543 retulitque
1451 1519 1463 1535 ‚

145 1565 222 1606 per
240 1548 382 1591 fabiam
401 1548 615 1590 Unionem
643 1551 860 1589 maximum
895 1549 1125 1603 irrogatum
1157 1546 1234 1587 effe
1268 1545 1468 1602 praejudi-

145 1608 255 1649 cium
282 1607 444 1647 Divino
484 1605 612 1649 cultui
648 1635 662 1653 ‚
694 1605 969 1659 Ecclefiaeque
1002 1603 1146 1646 decori
1187 1633 1200 1651 ,
1251 1618 1326 1645 nec
1357 1617 1466 1645 non„

145 1664 438 1719 praesbyteris,
457 1663 618 1719 Populo
643 1693 654 1710 ,
683 1661 837 1719 ipsique
857 1662 1189 1719 Archiepiscopo
1210 1690 1222 1708 ,
1253 1661 1467 1716 ideoque..

149 1723 290 1766 omnia
308 1722 388 1763 esse
408 1722 446 1761 in
468 1721 684 1776 pristinum
704 1720 942 1762 reducenda
960 1749 972 1767 ‚
1015 1730 1240 1773 utcumque
1258 1719 1466 1759 Plebanus

149 1781 251 1823 totis
271 1780 428 1821 viribus
449 1777 700 1820 validitatem
725 1777 908 1819 Unionis
931 1776 1118 1819 sustineat
1142 1805 1153 1815 .

90 1841 184 1882 Prae
203 1839 330 1880 oculis
366 1836 548 1878 habenda
580 1837 634 1877 est
657 1835 769 1877 Sacri
790 1835 970 1877 Concilii
992 1832 1236 1875 Tridentini
1259 1832 1472 1889 dispositio

151 1896 247 1952 Seff.
268 1910 307 1937 7.
326 1910 412 1951 cap.
434 1897 473 1936 6.
494 1898 542 1936 <le
559 1894 735 1944 Reform.
759 1923 771 1941 ,
806 1893 847 1933 in
869 1907 947 1948 qua
966 1891 1144 1934 sancitur
1168 1922 1176 1935 ,
1206 1892 1317 1946 quod
1333 1892 1469 1932 Unio-

153 1967 227 1996 nes
259 1944 286 1989 ἑ
315 1968 403 2008 quae
431 1955 612 2008 deinceps
639 1953 693 1994 acl
720 1950 892 2008 cujusvis
907 1949 1251 2005 instantiamfient
1271 1979 1283 1997 ‚
1314 1948 1385 2003 rzifi
1403 1961 1474 1990 eos·

153 2026 207 2054 ex
225 2011 400 2067 legitima
419 2043 429 2058 ‚
460 2020 530 2052 out
556 2011 663 2052 alic'zs
692 2009 995 2051 rationabilibus
1018 2007 1145 2062 caufis
1167 2039 1176 2054 ‚
1206 2021 1340 2048 coram
1375 2007 1471 2045 Loci

156 2067 369 2112 Ordirmrio
390 2096 402 2114 ‚
440 2070 783 2126 vocatisjqnorum
803 2066 961 2123 interest
979 2096 991 2113 ‚
1022 2065 1281 2108 verificandis
1299 2095 1310 2112 ‚
1335 2064 1476 2118 fabios

148 2125 269 2182 fuiffe
285 2123 500 2174 constiterit
520 2155 532 2172 ,
558 2141 630 2181 per
650 2125 939 2183 subreptionem
958 2124 1125 2165 obtentae
1144 2122 1443 2178 praesumantur
1461 2150 1475 2169 ,

158 2198 208 2226 ac
220 2193 426 2239 propterea
443 2210 455 2228 ‚
486 2182 555 2233 nili
586 2185 703 2225 aliter
719 2184 860 2237 c‘zssSecle
878 2181 1103 2239 Apostoliccz
1125 2182 1372 2223 declaratum
1382 2178 1477 2232 fite-

159 2245 212 2284 rit
231 2269 243 2287 ,
275 2241 425 2282 viribus
439 2240 598 2280 omnino
617 2252 781 2283 careant
796 2271 806 2282 .

104 2301 249 2356 Atque
269 2298 359 2339 hinc
394 2296 616 2338 contendit
650 2297 937 2340 Communitas
960 2328 969 2343 ‚
1003 2296 1162 2338 unicam
1182 2293 1362 2337 Unionis
1384 2304 1478 2331 cau·

164 2359 274 2404 sam,
307 2369 400 2409 quae
430 2353 505 2395 fuit
541 2353 594 2392 ob
631 2354 852 2408 angustiam
884 2352 1004 2409 ipsius
1036 2354 1227 2393 Plebanae
1250 2348 1443 2390 Ecclesiae
1465 2378 1478 2395 ,

164 2429 240 2456 nec
265 2412 377 2454 fuiffe
395 2411 614 2466 legitimam
636 2440 649 2458 ‚
684 2425 759 2452 nec
790 2410 1076 2452 rationabilem
1096 2439 1109 2456 ,
1141 2409 1237 2449 dum
1271 2406 1370 2458 justa
1391 2435 1403 2452 ‚
1442 2404 1488 2447 &-

165 2469 418 2512 rationabilis
438 2469 620 2510 Unionis
640 2469 753 2509 causa
771 2466 990 2509 consistere
1005 2468 1128 2508 debet
1148 2467 1189 2506 in
1215 2462 1446 2505 neceffitute
1470 2492 1484 2510 ,

168 2539 237 2569 aut
257 2527 430 2568 utilitate
471 2526 660 2567 Ecclefiae
703 2527 748 2567 ad
773 2528 944 2567 Textum
978 2527 1018 2565 in
1037 2526 1130 2579 Cap.
1151 2521 1374 2578 Exposuisti
1405 2523 1487 2562 cle„
1508 2572 1515 2575 μ

165 2585 343 2628 Ρνιεὸειι.
366 2599 376 2630 ;
407 2586 444 2624 in
464 2600 547 2639 cap.
580 2600 614 2624 1.
637 2587 684 2624 cle
708 2585 801 2626 Reb.
826 2585 935 2627 Eccl.
954 2598 1032 2623 non
1045 2585 1166 2624 alien.
1191 2581 1258 2622 lib.
1281 2579 1319 2618 6.
1348 2607 1361 2625 ‚
1388 2578 1489 2618 Bar-

168 2645 245 2702 bos.
281 2644 334 2681 ad
353 2642 468 2682 Cone.
493 2645 604 2686 Trid.
626 2643 718 2702 Seff.
741 2658 781 2700 7.
801 2645 850 2686 de
869 2640 1046 2696 Reform·
1077 2655 1165 2699 cap.
1187 2639 1226 2681 6.
1246 2651 1356 2680 num.
1385 2650 1397 2674 1
1413 2649 1446 2674 1.
1470 2664 1484 2682 ,

290 2699 388 2740 Tom
401 2699 476 2740 .L1.
939 2699 979 2740 D
1345 2693 1399 2739 ὅς
1416 2693 1492 2735 Re-
