2040 2969
588 146 667 190 154
1046 140 1109 184 15.
1129 130 1365 186 Seqtembris
1386 131 1505 184 1781.

585 203 748 235 cantem
769 187 1054 242 assequendam
1089 185 1306 229 Ecclesiam
1327 187 1546 242 praeelegit
1569 186 1776 228 Clericum
1795 188 1887 228 Do-

584 249 777 291 minicum
799 246 986 286 Carboni
1011 245 1081 286 sub
1105 245 1170 300 spe
1206 244 1446 285 obtinendae
1477 244 1803 301 Dispensationis
1823 246 1882 285 su·

584 320 660 362 per
676 302 837 345 defectu
874 303 1004 345 aetatis
1023 332 1035 350 ‚
1063 302 1242 356 injanfffo
1273 312 1403 344 tamen
1435 303 1556 342 eidem
1595 316 1710 344 onere
1727 316 1848 342 unum
1869 329 1882 349 ‚

584 372 656 405 aut
688 361 854 402 alterum
883 360 1135 402 Sacerdotem
1161 389 1174 407 ,
1197 359 1267 415 seu
1303 359 1535 401 Sacerdotes
1568 361 1609 400 ἰη
1642 360 1882 400 Animorum
1921 372 1931 376 ‘⁴

584 434 683 462 cura
718 416 980 473 Coadjatores
999 446 1011 465 ‚
1032 419 1276 460 AEconomos
1296 445 1308 462 ,
1334 416 1403 471 seu
1438 416 1694 472 Coppellonos
1724 417 1857 458 alendi
1872 446 1882 462 ,

576 477 648 535 seu
682 476 956 521 conducendi,
987 477 1111 517 donec
1140 474 1217 531 ipse
1252 474 1488 515 Dominicus
1524 477 1577 515 od
1609 475 1884 528 constitutam..

582 543 736 576 aetatem
751 534 975 587 pervenerit
1000 531 1207 586 :suaeque
1231 531 1272 572 in
1293 530 1400 571 hunc
1423 531 1587 572 modum
1617 530 1732 572 faciae
1751 543 1884 586 praee·

583 589 769 633 leffionis
803 589 959 630 litteras
989 587 1302 630 Testimoniales
1322 586 1401 629 una
1420 602 1511 629 cum
1533 588 1647 630 Actis
1681 588 1885 630 Concur-
1910 600 1941 638 ‘j

584 644 878 689 sustranstnifit
913 647 960 687 ad
992 643 1365 688 Eminentiffimum
1399 646 1455 685 D.
1480 645 1742 687 Cardinalem
1770 645 1885 684 Pro-

582 703 798 745 Datarium
819 733 832 751 ‚
873 703 1138 758 exhibuitque
1160 702 1347 744 Clericus
1366 703 1608 757 praeelectus
1636 704 1762 744 SSJTzo
1797 701 1885 742 Do·

582 764 693 803 mino
727 761 873 814 Nostro
894 761 1234 816 supplicatIOnem
1262 774 1339 815 pro
1362 759 1590 802 obtinenda
1620 759 1885 815 dispensatio-

583 832 637 858 ne
671 819 790 874 super
809 817 941 858 aetatis
955 817 1117 860 defectu
1141 847 1150 859 .
1171 817 1240 858 Ast
1261 816 1362 858 facta
1380 816 1442 858 hlc
1473 818 1512 858 in
1542 818 1659 859 Urbe
1679 816 1880 858 Actorum

581 874 823 918 Concursus
845 873 1047 917 revisione
1068 905 1081 923 ,
1113 874 1217 916 alter
1233 873 1307 915 fuit
1323 875 1570 916 Revisorum
1591 876 1724 915 sensus
1747 905 1756 919 ‚
1789 886 1884 912 nam

582 933 762 988 primum
794 932 926 973 locum
962 932 1243 973 attribuerunt
1275 932 1430 972 Loreto
1447 932 1674 980 Carboni3
1712 933 1881 973 Secun-

581 988 678 1029 dum
693 987 850 1031 Carolo
881 989 1036 1038 Rosci,
1069 990 1238 1031 tertium
1272 988 1452 1042 denique
1468 989 1637 1030 Clerico
1656 986 1881 1030 Doininico

582 1045 803 1092 Carboni,
839 1045 892 1087 ita
913 1057 986 1091 ut,
1007 1046 1276 1102 praetermisso
1298 1046 1523 1088 Sacerdote
1562 1048 1744 1087 Laureto
1769 1076 1779 1091 ‚
1815 1043 1882 1084 cui

582 1102 766 1145 obstabat
799 1102 1007 1144 familiaris
1037 1102 1215 1157 Epistola
1251 1102 1467 1145 Tiburtini
1500 1104 1693 1158 Episcopi
1716 1135 1726 1150 ,
1749 1103 1798 1143 de
1819 1114 1887 1142 va·
1913 1124 1916 1125 ν

584 1171 705 1204 cante
730 1158 908 1201 Ecclesia
929 1161 1118 1214 provisus
1139 1160 1263 1202 fuerit
1300 1160 1498 1202 Sacerdos
1519 1161 1695 1203 Carolus
1717 1158 1839 1201 Rosci
1871 1187 1882 1204 ‚

583 1219 653 1273 qui
674 1231 752 1273 pro
771 1217 1043 1271 expeditione
1084 1218 1335 1259 Litterarum
1368 1219 1699 1274 Apostolicarum
1735 1219 1784 1258 <le
1812 1213 1884 1255 sibi

583 1276 728 1318 collata
761 1274 1182 1331 Archipraesbyterali
1214 1274 1389 1317 Ecclesia
1425 1276 1765 1334 supplicationem
1811 1272 1885 1316 ob·

585 1333 678 1376 tulit
708 1363 717 1374 .

525 1393 762 1445 Antequam
797 1400 934 1432 autern
951 1390 1000 1431 de
1014 1389 1212 1444 praedicta
1231 1389 1407 1430 Ecclesia
1427 1391 1614 1445 provisus
1654 1389 1783 1430 fuisset
1805 1387 1883 1428 Ca·

578 1449 691 1490 rolus
711 1447 861 1495 Rosci,
894 1461 985 1490 cum
1011 1448 1214 1488 Lauretus
1234 1447 1423 1488 Carboni
1443 1449 1490 1486 ab
1525 1446 1802 1489 irrationabili
1823 1444 1885 1496 ju-

580 1505 688 1545 dicio
715 1504 906 1560 Episcopi
929 1504 1136 1546 recursum
1162 1504 1352 1546 habuerit
1373 1503 1419 1544 ad
1441 1505 1541 1546 hanc
1577 1503 1889 1559 Congregatio-

579 1577 673 1603 nem
691 1590 704 1609 ,
737 1561 832 1603 hinc
871 1562 1147 1615 praelaudatus
1183 1561 1534 1603 Eminentiffimus
1575 1560 1885 1604 Pro-Datarius

577 1619 729 1660 nedum
751 1618 852 1661 A&a
873 1618 1208 1666 Concursus,sed
1226 1619 1347 1660 etiam
1367 1619 1576 1672 pori-echis
1598 1617 1882 1675 Supplicatio-

580 1691 654 1717 nes
675 1708 684 1722 ‚
712 1676 869 1731 aliaque
886 1678 996 1730 gesta
1016 1677 1056 1719 in
1081 1676 1251 1717 Dataria
1270 1676 1509 1731 Apostolica
1543 1690 1620 1732 pro
1653 1689 1797 1718 eorum
1815 1675 1881 1716 de—

579 1734 768 1777 finitione
782 1733 989 1785 ablegavit
1005 1735 1053 1775 ad
1082 1733 1270 1775 eamdem
1289 1735 1452 1775 Sacram
1473 1733 1880 1790 Congregationem,

580 1803 736 1833 attenta
752 1792 832 1832 litis
854 1790 1079 1845 pendentia
1103 1819 1115 1831 .

523 1852 688 1893 Interea
707 1848 938 1905 comparuit
957 1847 1160 1890 Sacerdos
1177 1847 1355 1899 Joannes
1378 1848 1566 1900 Angelus
1587 1848 1792 1895 Carboni,
1811 1845 1881 1902 qui

578 1901 748 1963 supplex
766 1908 889 1950 etiam
907 1904 982 1947 fuit
1001 1906 1108 1961 apud
1127 1904 1441 1947 Sacratiffimum
1457 1906 1692 1962 Principem
1712 1920 1788 1961 pro
1808 1905 1883 1945 im·

576 1965 817 2020 petratione
840 1961 1069 2017 saepedictae
1087 1962 1357 2009 parochialis,
1375 1963 1419 2004 ἃ
1438 1962 1878 2017 Archipraesbyteralis

574 2020 767 2062 Ecclesiae
802 2031 1007 2074 tamquam
1030 2019 1071 2062 S.
1109 2020 1202 2060 Sedi
1233 2022 1452 2061 reservatae
1475 2050 1486 2066 ,
1506 2032 1663 2061 attenta
1691 2019 1877 2062 nullitate

576 2076 817 2120 Concursus
837 2077 892 2117 ob
912 2090 997 2118 non
1011 2077 1207 2119 servatam
1228 2077 1398 2117 sormam
1417 2076 1438 2117 a
1457 2072 1881 2119 sacrosanfioconci-

578 2134 632 2175 lio
652 2134 915 2175 Tridentino
937 2135 1220 2189 praescriptam
1244 2165 1255 2181 ‚
1290 2136 1353 2175 sed
1388 2134 1471 2185 eius
1493 2135 1614 2176 etiam
1636 2134 1877 2193 supplicatio

573 2190 650 2232 fuit
670 2193 716 2232 ad
739 2191 843 2233 hanc
863 2192 1027 2233 Sacram
1064 2191 1448 2247 Congregationem
1470 2192 1623 2234 remissa
1640 2222 1649 2233 .

516 2248 689 2297 Semel,
721 2249 958 2303 iterumque
994 2248 1150 2291 auditus
1182 2248 1255 2290 fuit
1276 2248 1533 2305 Episcopus,
1571 2250 1639 2304 qui
1672 2248 1710 2288 in
1745 2245 1876 2302 prima

573 2305 659 2358 ejus
679 2305 982 2348 lnforrnatione
1004 2307 1074 2347 sub
1094 2306 1231 2346 datum
1250 2306 1325 2346 diei
1342 2320 1406 2362 29.
1441 2308 1560 2362 super
1589 2304 1704 2361 elapsi
1727 2304 1869 2346 mensu

572 2363 674 2406 Maii
710 2363 952 2420 respondit,
995 2365 1123 2419 ipsum
1142 2364 1244 2404 Ac'ia
1272 2363 1509 2406 Concursus
1543 2359 1787 2405 transmisisse
1822 2364 1877 2404 od

571 2420 857 2475 Sancfftffimum
882 2422 1104 2464 Dominum
1129 2420 1316 2474 Nostrum
1343 2451 1354 2469 ‚
1385 2435 1428 2461 ut
1444 2429 1643 2463 vacantem
1666 2419 1878 2474 Eccleficim

575 2482 710 2522 Terrae
726 2479 817 2520 Poli
831 2482 881 2521 de
898 2482 1041 2521 idoneo
1062 2479 1420 2534 Areliipraesbytero
1447 2478 1523 2532 fibi
1539 2478 1668 2533 magis
1695 2477 1874 2534 beneviso

567 2539 780 2597 providere
795 2539 986 2594 dignetur
1004 2566 1014 2576 .
1036 2538 1080 2578 In
1097 2536 1221 2576 altera
1236 2536 1336 2576 vero
1360 2535 1428 2576 sub
1448 2534 1582 2574 datum
1602 2532 1684 2574 diei
1707 2547 1872 2588 14.m0x

556 2591 756 2636 'traniaCti
782 2592 930 2636 mensis
953 2594 1124 2648 Augusti
1146 2594 1400 2645 summopere
1421 2590 1552 2631 laudat
1572 2604 1728 2640 mores,
1747 2591 1876 2633 scien-

576 2651 672 2692 tiam
690 2680 702 2697 ,
734 2664 777 2690 ac
823 2652 970 2692 merita
1011 2650 1164 2691 Clerici
1199 2646 1383 2688 Carboni
1419 2677 1431 2695 ,
1464 2646 1591 2689 refert
1626 2648 1747 2690 etiam
1779 2663 1872 2701 quae

569 2707 689 2763 supra
706 2707 834 2749 relata
855 2706 1026 2750 fuerunt
1049 2721 1061 2757 3
1093 2703 1654 2759 Coiicluditque=Quocirca
1675 2706 1863 2748 EEMV.

1734 2774 1870 2813 ettam,
