2002 2959
575 109 601 149 8
1036 101 1098 142 16.
1119 100 1267 143 Martii
1285 103 1409 142 17825

89 163 183 213 537.
202 177 268 208 αῖ.
289 177 373 221 ΜΡ.
392 176 430 222 7.
542 121 565 156 3
585 156 945 206 ULGNATEN.
979 157 1258 198 TRANSLA
1276 145 1458 198 slONIS
1491 157 1806 204 PAROCHIAE
1832 166 1848 200 Σ

91 214 338 280 de‘Refomn.
592 221 690 260 Non
717 219 840 272 longe
862 221 910 257 ab
934 217 1035 255 urbe
1059 216 1242 270 Fiilgnnei
1263 216 1477 256 Montium
1495 243 1507 261 ,
1544 215 1587 256 ἃ.
1620 216 1780 258 Collum
1803 218 1856 259 al-

539 276 735 335 pesti-ium
756 288 915 315 corona
936 273 1063 314 oculis
1084 274 1278 314 obiicitur
1298 303 1310 320 ‚
1333 273 1479 326 quibus
1503 271 1644 314 inlidet
1665 274 1766 314 ela‘a
1788 276 1853 316 Pa-

539 332 730 376 rocliialis
750 331 924 372 Ecclesia
943 330 984 371 S.
1016 331 1186 383 joannis
1220 330 1408 384 Baptistae
1431 342 1669 384 nuncupata
1691 333 1728 371 in
1747 332 1855 385 Pago

541 391 735 445 Cuppolc'.
766 388 1040 429 Intralimites
1064 388 1181 443 ipsius
1201 389 1399 439 parochie
1435 399 1518 428 tres
1548 388 1612 427 alii
1650 388 1745 442 Pagi
1781 384 1853 442 ipsi

539 447 707 500 subjecti
725 476 737 494 ‚
756 446 800 488 ἃ.
833 445 945 497 cujus
965 459 1124 500 partem
1159 446 1330 492 faciunt,
1349 445 1663 488 c‹›nsoi„iuntur
1699 445 1856 486 tideli-

541 517 607 547 cet
630 534 642 552 ‚
677 503 853 546 Cancelli
871 534 884 550 ,
903 505 1083 545 civitella
1106 533 1117 551 ‚
1135 503 1188 546 ὅσ
1208 504 1379 558 ΝῙιιΙιιρο
1401 533 1408 542 .
1432 502 1635 543 Termille
1670 502 1852 557 passuum

539 563 696 604 ambitu
724 563 866 613 aspero
887 590 899 607 ,
934 562 976 602 ὄῑ,
1011 574 1088 615 pro
1111 563 1276 601 maxima
1312 572 1429 615 parte
1451 559 1656 614 impet-vio
1671 561 1858 601 circum-

539 620 732 662 1crioitur
763 619 960 660 Parochia
983 648 995 666 ,
1016 633 1106 673 quae
1145 619 1313 672 triginta
1331 617 1395 658 sex
1415 616 1581 658 familias
1617 627 1804 663 numerat
1839 645 1855 665 ,

538 691 710 732 quarum
731 677 885 732 septem
902 676 1065 732 Cuppoli
1084 689 1297 717 morantur
1319 705 1331 722 ,
1361 674 1561 716 sexdecim
1601 675 1730 728 Pagos
1751 674 1857 716 Civi-

537 736 646 776 tellae
668 765 679 782 ,
712 735 939 789 &Malupo
972 733 1183 781 incolunt,
1219 734 1387 788 reliquae
1419 731 1618 773 tredecim
1653 732 1870 773 Cancellis.

537 790 777 832 inhabitant
799 820 809 831 .
848 793 894 830 In
933 802 1050 841 parte
1078 790 1331 837 remotiori,
1371 790 1413 830 ὄῑ.
1449 791 1605 845 populo
1636 790 1760 841 magis
1786 788 1854 828 in-

541 848 763 890 commoda
783 848 993 903 reperitur
1014 861 1121 888 nunc
1144 846 1340 888 Pal-ochia
1361 875 1372 892 ‚
1394 847 1503 886 unde
1542 846 1711 899 hyemali
1747 859 1856 902 prae-

539 905 679 947 sertim
717 916 909 959 tempore
932 904 1015 950 ,ὃς
1035 919 1083 944 ex
1111 904 1296 944 distantia
1333 905 1515 945 locorum
1538 932 1549 949 ‚
1582 904 1624 943 ὄῑ.
1657 916 1703 943 ex
1746 903 1853 957 aspe-

538 963 662 1004 ritate
691 962 849 1002 viarum
870 960 1101 1016 alpestrium
1124 990 1136 1007 ,
1155 963 1197 1002 ἃ.
1212 973 1520 1017 praeruptarum
1550 960 1652 1000 adeo
1673 959 1852 1000 difficilis

541 1018 594 1060 est
616 1019 791 1061 accessus
812 1048 823 1066 ‚
841 1030 885 1060 ut
919 1018 964 1060 ἃ
982 1018 1188 1059 Parochus
1219 1016 1297 1058 suis
1333 1019 1482 1059 ovibus
1511 1017 1648 1073 presto
1685 1016 1763 1057 esse
1785 1030 1861 1057 ne-

540 1084 665 1132 queat
685 1077 878 1118 earumin
899 1075 1174 1130 spiritualibus
1195 1075 1432 1131 indigentiiS
1453 1105 1463 1123 ‚
1484 1076 1538 1116 ita
1567 1086 1612 1115 ut
1631 1073 1746 1114 multi
1770 1103 1782 1121 ‚
1811 1073 1858 1116 &
1909 1098 1916 1102 -

536 1146 733 1175 recenter
753 1133 835 1174 duo
859 1133 1107 1174 decesserint
1130 1134 1209 1174 sine
1239 1132 1517 1174 Sam-amentis
1540 1147 1549 1181 ;
1572 1131 1614 1172 ἃ.
1635 1131 1854 1172 parochia-

539 1191 581 1231 ni
615 1191 845 1245 praesertirn
865 1189 1015 1230 incolae
1051 1191 1245 1233 Civitellae
1265 1221 1277 1237 ,
1297 1191 1341 1232 ἃ.
1358 1191 1527 1245 MJlupo
1562 1203 1696 1242 neque
1716 1184 1853 1228 Verbi

539 1248 686 1289 Divini
719 1246 1017 1302 praedicatione
1039 1276 1052 1293 ‚
1087 1261 1220 1301 neque
1252 1247 1529 1288 Sacramentis
1558 1245 1798 1287 reficiantur
1840 1274 1848 1284 .

536 1307 627 1347 Hac
643 1305 692 1346 de
709 1305 819 1345 causa
840 1319 989 1357 magno
1010 1305 1235 1344 animai-um
1268 1304 1520 1344 detrimento
1553 1302 1678 1344 multa
1719 1303 1859 1343 oriun-

537 1373 606 1404 tur
626 1361 806 1403 scandam
826 1392 838 1409 ,
857 1362 1050 1402 nimirum
1083 1391 1095 1409 ‚
1115 1361 1223 1415 quod
1244 1361 1307 1401 alii
1329 1372 1547 1415 praecepto
1569 1359 1757 1400 audiendi
1784 1359 1860 1400 Sa-

540 1433 656 1461 crum
679 1434 763 1461 non
782 1418 1056 1464 satisfaciant,
1085 1421 1149 1460 alii
1171 1418 1270 1459 vero
1291 1417 1399 1459 inter
1421 1418 1644 1458 ebrietates
1671 1446 1683 1462 ‚
1703 1416 1745 1458 ἃ
1767 1429 1858 1457 cra-

541 1477 655 1532 pulas
686 1478 769 1517 dies
798 1475 921 1517 festos
961 1486 1096 1516 terant
1129 1476 1169 1516 in
1203 1489 1419 1530 caupona,
1457 1489 1550 1528 quae
1583 1483 1693 1515 extat
1715 1486 1852 1530 prope

541 1533 825 1574 SancOtuai-ium
847 1533 1037 1579 Cancelli,
1056 1534 1169 1587 quod
1189 1533 1227 1573 in
1261 1533 1440 1575 causaest
1470 1545 1514 1573 ut
1551 1533 1591 1572 in
1632 1530 1863 1587 praecipuis-

540 1590 656 1631 Fidei
671 1589 879 1644 Mysteriis
901 1590 1022 1630 rudes
1042 1591 1422 1645 depraehendantur
1443 1590 1596 1630 nedum
1613 1587 1855 1630 adolescen-

541 1659 604 1689 tes
625 1677 637 1695 ,
662 1661 809 1689 verum
846 1647 967 1688 etiam
1016 1647 1060 1690 ἃ,
1088 1649 1244 1689 adulti.

483 1705 708 1750 Ministerii
759 1714 895 1745 autem
944 1704 998 1745 sui
1042 1705 1183 1747 debito
1214 1706 1388 1759 provide
1425 1717 1648 1747 occurrere
1684 1703 1858 1758 cupiens

538 1762 768 1804 modernus
786 1762 993 1802 parochus
1020 1763 1180 1803 Orator
1202 1764 1446 1804 Emmanuel
1469 1759 1699 1812 Torrejoni
1725 1762 1854 1800 trans-

537 1821 736 1862 lationem
752 1819 800 1859 ab
814 1818 1059 1861 Eminentiis
1090 1820 1248 1862 Vestris
1268 1820 1461 1876 efflagitat
1481 1818 1667 1860 exercitii
1703 1816 1855 1867 jurium

538 1875 837 1919 Parochialium
873 1891 893 1917 a
926 1878 1034 1930 Pago
1071 1877 1235 1932 Cuppolc'
1279 1879 1324 1918 ad
1357 1882 1504 1934 Pagum
1539 1876 1712 1918 Cancelli
1742 1907 1751 1918 ‚
1785 1875 1853 1915 ubi

541 1946 734 1976 ornatum
755 1964 767 1982 ‚
802 1934 846 1975 ὅτ.
869 1934 1046 1989 amplum
1068 1933 1212 1975 visitur
1234 1936 1455 1990 Templum
1479 1934 1545 1975 sub
1580 1932 1850 1974 invocatione

544 1993 789 2034 Sanetorum
811 1991 1105 2048 Apostolorum
1124 1992 1235 2032 Petri
1258 2021 1269 2038 ‚
1302 1992 1345 2033 ἃ
1364 1992 1470 2033 Pauli
1488 1989 1668 2031 erectum
1701 1992 1850 2044 utque..

541 2052 590 2090 ab
610 2064 718 2090 anno
738 2063 859 2103 1751.
880 2063 927 2089 ex
945 2048 1019 2104 piis
1040 2049 1235 2089 Fidelium
1254 2048 1539 2097 largitionibus
1560 2078 1572 2095 ,
1603 2047 1670 2102 qui
1686 2060 1735 2088 ex
1755 2061 1853 2087 om-

542 2108 664 2148 nibus
682 2106 811 2148 Italiae
844 2106 1087 2160 regionibus
1108 2106 1197 2147 illuc
1216 2106 1435 2147 confluunt
1460 2134 1472 2152 ‚
1504 2116 1548 2146 ut
1572 2106 1704 2159 Signo
1741 2104 1850 2146 Cru-

542 2164 599 2207 cis
640 2193 652 2212 ,
700 2163 744 2206 &
774 2165 996 2204 Beatorum
1030 2163 1333 2219 Apostolorum
1385 2162 1653 2205 invocatione
1703 2165 1852 2202 morbo

541 2221 729 2263 lschiadis
750 2221 874 2276 vulgo
890 2222 1063 2264 Sciatim
1079 2222 1308 2262 liberentur
1330 2252 1343 2270 ‚
1375 2236 1468 2262 cum
1504 2235 1551 2261 ex
1586 2217 1852 2274 antiquissima

542 2278 766 2321 traditione
796 2280 863 2331 pie
891 2279 1098 2326 credatur,
1124 2279 1340 2321 nonnullos
1380 2278 1669 2320 Cancellenses
1702 2276 1850 2316 Beatos

542 2335 769 2392 Apostolos
788 2335 898 2377 domi
918 2336 1117 2391 excepisse
1137 2366 1149 2384 ,
1169 2336 1214 2378 ἃ.
1233 2351 1379 2378 eorum
1403 2336 1700 2379 descendentes
1720 2330 1853 2387 fingu-

547 2394 616 2435 lari
640 2393 718 2435 hoc
739 2393 917 2436 donatos
935 2394 1046 2435 fuiffe
1073 2394 1295 2450 privilegio
1316 2425 1327 2434 .

494 2451 742 2495 Enunciatae
791 2451 1074 2493 translationis
1108 2452 1279 2493 consilio
1311 2451 1536 2495 consulitur
1580 2459 1673 2488 mox
1713 2446 1850 2488 relatis

551 2510 826 2551 incommodis
850 2541 859 2549 .
897 2509 1005 2551 Cum
1023 2508 1131 2551 enim
1166 2509 1444 2552 Sanfiuarium
1480 2505 1663 2548 Cancelli
1684 2534 1696 2551 ‚
1722 2504 1852 2545 veluti

548 2567 591 2607 in
610 2564 986 2609 centroParochiae
1006 2566 1145 2608 existat
1163 2598 1172 2612 ‚
1203 2578 1246 2606 ut
1267 2579 1378 2622 patet
1397 2579 1445 2605 ex
1483 2563 1682 2603 schemate
1713 2574 1851 2617 topo-

547 2625 778 2681 graphico,
796 2625 1002 2668 Parochus
1024 2625 1240 2679 commode
1261 2623 1497 2680 prospicere
1529 2620 1689 2675 poterit
1711 2650 1721 2667 ,
1756 2618 1850 2659 refi-

1740 2689 1852 2722 cere,
