2002 2959
538 93 607 122 ρο.
629 76 782 137 Aprilis
805 80 932 136 1782:
1380 89 1438 137 59

122 139 192 178 bus
225 137 369 192 nostris
390 139 641 195 propensiore
659 154 754 182 cura
773 142 955 181 novimus
978 137 1050 196 effe
1056 135 1262 193 servatum
1287 166 1298 185 ,
1317 151 1341 178 a
1360 153 1428 179 vo-

124 198 184 237 bis
203 211 362 253 quoque
380 197 565 238 volumus
579 196 765 250 custodiri
786 213 796 245 ;
831 208 876 238 ut
908 211 986 237 non
1005 193 1141 252 paffim
1170 196 1308 237 diebus
1335 210 1431 236 om-

124 255 239 295 nibus
268 255 537 295 Sacerdotalis
555 283 567 301 ,
599 255 660 295 vel
679 256 850 295 Leuitica
869 253 1067 295 ordinatio
1087 253 1304 295 celebretur
1323 267 1335 301 ;
1369 254 1434 305 sed

122 312 212 368 post
238 313 338 352 diem
360 311 525 352 Sabbatt'
540 311 626 362 ejus
649 313 775 353 nosstts
790 342 802 358 ‚
833 327 921 368 quie
938 312 1094 367 lucescit
1125 313 1165 352 in
1179 313 1308 366 prima
1326 311 1437 350 Sab-

127 371 212 410 bati
233 401 242 414 ,
277 371 447 410 exordia
470 369 731 426 consecrandi
747 370 951 426 eligantur
971 400 984 417 ,
1016 372 1054 410 in
1075 369 1218 423 quibus
1240 369 1302 409 ln's
1321 396 1333 414 ‚
1360 369 1434 424 qut·

129 428 389 473 consecrandi
401 425 498 482 sunt
510 425 664 481 jejunis
680 455 693 474 ‚
722 426 776 470 ὅσ
796 425 1234 480 ajejunantibussacra
1267 426 1436 466 benedi-

128 487 208 526 {tio
227 484 456 537 conferatur
476 514 486 523 .
519 486 642 537 Quod
656 484 826 539 ejusdem
846 483 1105 538 observantiae
1116 483 1190 522 erit
1209 512 1218 527 ‚
1244 481 1272 531 fi
1290 497 1407 524 mane
1426 513 1436 529 ‚

129 542 208 598 ipso
231 544 444 584 Dominico
463 543 526 582 die
540 543 774 582 continuato
786 539 943 593 jejunio
960 540 1124 581 Sabbati
1143 571 1155 587 ,
1191 538 1405 580 celebretur
1423 553 1436 580 ε

129 617 154 642 a
173 616 253 656 quo
270 612 440 654 tempore
452 598 709 653 praececlentis
720 598 846 637 noi‘i'is
863 599 976 638 initia
996 611 1075 636 non
1093 597 1277 637 recedunt
1296 624 1307 641 ,
1328 598 1440 651 quod

133 662 188 700 aci
201 659 298 699 diem
318 657 612 708 resurrec‘l'ionis
643 653 773 708 (ficut
790 656 906 695 etiam
924 654 963 695 in
985 653 1131 712 Pascha
1152 653 1323 694 Domini·
1356 656 1436 694 de-

133 715 345 769 claratur)
370 714 568 768 pertinere
585 727 664 753 non
680 711 840 753 dubium
861 711 912 766 efi‘
928 730 956 749 =

71 773 237 823 verum
275 772 382 811 idem
423 769 696 823 leomaffinus
729 770 802 811 loc.
825 771 889 811 cit.
926 785 1035 811 num.
1060 783 1123 809 12.
1157 769 1321 810 sustinet
1341 770 1438 810 bre·-

132 830 174 872 vi
196 829 262 869 iilo
283 828 484 882 temporis
500 828 626 883 spatio
646 857 660 876 ‚
678 826 789 883 quod
809 827 916 868 inter
933 828 974 868 S.
1000 827 1154 869 Leonis
1170 858 1182 876 ‚
1218 827 1262 868 ἃ.
1283 827 1324 868 S.
1349 826 1437 867 Ge-

131 887 212 930 lafii
240 885 535 928 Pomzficatum
565 884 788 927 interceffit
820 886 1042 928 Sacrorum
1069 884 1278 926 ordinum
1314 884 1457 930 collas

132 946 271 987 tiones
298 943 458 996 jejuniis
480 956 656 998 quatuor
685 955 920 999 temporum
947 940 1119 984 addietas
1134 942 1243 984 fuisse
1263 972 1276 990 ‚
1309 942 1352 983 &
1373 955 1438 982 re·

132 1017 235 1046 vera
252 1002 295 1042 in
313 1017 397 1057 cap.
416 1001 698 1044 Ordinationes
716 1016 754 1055 7.
771 1004 876 1043 dicTa
894 1002 978 1053 dist.
999 1011 1067 1057 75.
1103 999 1210 1041 idem
1244 1000 1286 1041 S.
1306 999 1444 1041 Gela-

132 1059 210 1102 sms
246 1059 437 1100 definivit
458 1091 469 1108 ‚
500 1060 610 1114 quod
643 1079 669 1098 ε
702 1059 983 1101 Ordinationes
1011 1058 1322 1100 Presbiterorum
1347 1087 1359 1105 ‚
1388 1056 1444 1101 (36

133 1120 410 1160 Diaconorum
435 1148 444 1162 ‚
474 1117 545 1170 ncfi
579 1120 697 1160 certis
716 1118 957 1172 temporibus
976 1145 988 1159 ,
1023 1118 1068 1163 dy
1097 1117 1234 1157 diebus
1264 1114 1443 1157 exerceri

131 1190 213 1216 non
233 1175 370 1216 debent
387 1189 398 1223 ·‚
432 1176 474 1215 id
492 1174 543 1226 est
560 1178 698 1231 quarti
721 1174 871 1228 Mensis
881 1174 1038 1231 jejunio
1061 1202 1073 1220 ,
1098 1175 1256 1230 septimi
1274 1202 1287 1220 ‚
1305 1171 1360 1216 ὅσ
1376 1174 1444 1213 de-

133 1231 253 1276 cimi:
281 1233 353 1288 sed
384 1233 438 1276 ὃς
471 1236 590 1274 etiam
625 1231 981 1290 quadragesimalis
1007 1231 1114 1273 initii
1135 1260 1147 1278 ,
1177 1246 1226 1273 ac
1252 1231 1445 1272 medianae

138 1291 395 1332 hebdomadae
413 1319 426 1336 ‚
454 1289 856 1347 &Sabbatijejunio
889 1293 992 1332 circa
1024 1289 1222 1346 vesperam
1257 1290 1441 1329 noverint

138 1350 394 1391 celebrandas
410 1366 436 1385 =
468 1377 480 1394 ,
511 1349 553 1390 ἃ
574 1347 613 1388 in
635 1348 831 1388 Concilio
850 1348 1189 1389 claromontano
1211 1345 1351 1387 habito
1372 1344 1442 1385 sub

141 1406 318 1446 Urbano
342 1405 387 1444 11.
410 1419 518 1446 anno
545 1417 771 1461 1095.cap.
795 1418 864 1459 24.
884 1406 1058 1446 habetur
1089 1423 1117 1442 =
1147 1403 1211 1446 Ne
1230 1403 1342 1459 fiant
1375 1402 1449 1442 ΟΥΕ

137 1463 364 1505 dinationes
395 1461 464 1516 nisi
493 1465 533 1503 in
553 1473 732 1519 quatuor
758 1465 873 1505 certis
890 1463 1130 1518 temporibus
1160 1490 1172 1508 ,
1203 1462 1258 1505 ὃς
1275 1460 1447 1501 Sabbata

140 1523 342 1563 mediante
373 1520 688 1578 Quadragefimn
719 1552 728 1566 ‚
766 1522 810 1566 dy
836 1530 929 1562 tunc
950 1521 1217 1576 protrahatur
1240 1517 1448 1571 jejunium

140 1581 265 1635 usque
279 1582 333 1620 ad
357 1579 541 1634 Vesperas
562 1608 575 1626 ‚
613 1580 656 1624 dy
669 1578 799 1634 fifieri
811 1577 937 1634 poteft‘
956 1606 968 1624 ‚
1000 1577 1122 1633 usque
1140 1577 1194 1616 ad
1208 1574 1418 1628 crastinum
1433 1600 1446 1619 ‚

140 1648 185 1677 ut
213 1638 345 1694 magis
371 1646 558 1692 appareat
580 1637 621 1677 in
640 1638 703 1677 die
725 1637 935 1678 Dominico
956 1634 1238 1676 Ordinationes
1248 1632 1347 1685 fieri
1365 1649 1392 1668 =

84 1694 354 1749 Diiciplinam
375 1694 474 1734 hanc
495 1693 685 1734 omnibus
704 1694 834 1735 modis
854 1692 1006 1734 servari
1042 1691 1268 1733 voluerunt
1305 1688 1449 1744 poste—

142 1752 278 1793 riores
298 1751 520 1793 Pontifices
540 1750 774 1791 Alexander
793 1751 862 1791 ΙΙΙ.
885 1752 927 1792 in
946 1763 1031 1803 cap.
1053 1750 1114 1790 De
1131 1763 1175 1789 eo
1198 1761 1238 1800 3.
1259 1748 1308 1787 de
1330 1747 1444 1786 Tem-

135 1810 303 1865 poribus
323 1809 510 1851 Orclinat.
531 1807 711 1850 scribens
730 1808 935 1864 Episcopo
971 1804 1246 1848 Herfordenfi
1276 1804 1317 1843 in
1352 1802 1441 1843 Bri-

147 1866 287 1907 tannia
305 1866 392 1908 haec
412 1866 602 1908 definivit
632 1883 660 1904 =
686 1866 846 1909 Licitum
863 1866 914 1920 est
948 1863 1148 1920 >Episcopis
1184 1862 1407 1904 Dominicis
1427 1890 1441 1909 ,

147 1924 203 1967 ὅσ
230 1926 319 1965 aliis
339 1923 458 1979 Festis
491 1925 626 1966 diebus
644 1939 767 1966 unum
790 1933 862 1965 aut
887 1925 989 1964 duos
1013 1924 1067 1964 ad
1083 1919 1254 1962 minores
1273 1918 1442 1961 Ordines

142 1996 378 2037 promovere
399 1996 410 2031 3
445 1983 523 2024 Sed
539 1985 594 2024 ad
609 1983 951 2024 Subdiaconatum
982 1978 1051 2033 nisi
1082 1978 1121 2019 in
1140 1988 1316 2034 quatuor
1345 1986 1453 2018 tem-

144 2039 313 2094 poribus
329 2067 341 2085 ,
367 2050 439 2081 aut
455 2041 627 2082 Sabbato
647 2041 793 2083 SanH‘o
812 2070 825 2088 ‚
862 2040 924 2082 vel
938 2040 978 2080 in
993 2037 1164 2079 Sabbato
1186 2045 1281 2078 ante
1299 2035 1453 2076 Domi-

153 2098 283 2137 nicam
299 2098 347 2136 de
362 2096 535 2151 Paffione
554 2128 566 2146 ‚
597 2099 699 2141 nulli
719 2097 998 2156 Episcoporum
1019 2125 1031 2144 ,
1054 2105 1203 2152 prceter
1218 2107 1339 2151 quam
1361 2093 1456 2154 Ro-

153 2169 273 2195 mano
295 2155 478 2197 Pontifici
496 2158 585 2199 licet
601 2158 763 2215 aliquos
780 2159 970 2199 ordinare
997 2171 1026 2192 ==
1058 2184 1066 2194 .
1104 2153 1300 2194 Urbanus
1318 2150 1388 2190 III.
1413 2162 1454 2188 m

151 2227 237 2268 ΜΡ·
259 2212 354 2253 Cum
372 2214 533 2269 quidam
558 2215 598 2255 8.
615 2213 897 2257 eodemtituio
919 2210 1125 2254 mandavit
1149 2206 1455 2264 Archiepisco-

153 2284 210 2327 po
231 2269 373 2311 Pisano
401 2286 428 2306 =
458 2270 687 2326 Episcopum
706 2300 719 2319 ,
744 2275 816 2327 qui
832 2274 896 2314 die
915 2300 928 2318 ‚
959 2285 1039 2326 quo
1058 2282 1140 2309 non
1157 2267 1291 2309 debuit
1308 2293 1320 2310 ,
1341 2263 1457 2304 Ordi-

150 2344 222 2369 nes
249 2328 461 2370 celebravit
480 2358 490 2372 ‚
509 2330 699 2370 canonica
718 2329 916 2385 disciplina
939 2327 1142 2382 corrigere
1159 2352 1172 2371 ‚
1205 2323 1250 2364 &
1270 2321 1456 2362 Ordina-

153 2395 215 2428 τος
232 2402 254 2427 a
272 2386 455 2442 susceptis
483 2384 701 2426 Ordinibus
726 2388 878 2426 tamdiu
916 2384 1076 2423 reddere
1106 2381 1222 2421 debes
1252 2386 1462 2433 expertes,

154 2444 281 2485 donec
310 2446 419 2498 apud
443 2456 518 2482 nos
551 2441 806 2495 restitutionis
832 2440 1012 2498 gratiam
1039 2436 1332 2493 consequantur
1357 2450 1385 2470 =
1417 2434 1462 2475 ἃ

153 2502 194 2541 in
213 2515 297 2555 cap.
320 2503 489 2542 Litteras
531 2513 592 2553 13·
619 2500 771 2555 pariter
800 2499 937 2539 eodem
971 2498 1065 2543 tit-3
1099 2494 1208 2535 Cum
1229 2492 1459 2555 Episcopus

153 2557 428 2599 Bononiensis
449 2556 577 2598 eleeto
604 2554 794 2597 Imolenfi
829 2553 1086 2610 praecedenti
1106 2551 1284 2592 sabbato
1307 2550 1459 2590 Draco·

157 2628 296 2656 natum
314 2645 326 2662 ‚
359 2616 402 2656 &
421 2615 605 2667 sequenti
642 2614 708 2654 die
726 2612 955 2653 Dominico
988 2609 1314 2652 presbiteratum
1347 2620 1464 2646 con-

158 2674 307 2714 tuliffet
331 2701 342 2718 ,
376 2683 596 2728 utrumqne
627 2672 835 2725 condigna
873 2684 979 2724 pena
1015 2666 1199 2725 pleftere
1234 2664 1367 2709 voluit
1388 2666 1468 2704 In-

274 2730 453 2773 Tectum.
865 2728 902 2768 H
938 2741 963 2770 2
1313 2735 1471 2764 noceno
