2002 2959
547 121 631 166 '190
979 112 1042 160 14·
1066 99 1294 157 Decembris
1316 102 1443 156 17820‘

541 161 773 224 porrefio3
801 159 1003 218 Quidquid
1020 162 1061 202 in
1081 161 1148 203 illo
1167 169 1378 202 narratum
1404 154 1480 197 fuit
1496 152 1741 198 vatidiffimis
1760 171 1842 198 mo·

541 218 753 265 numentis
790 219 1110 275 comprobatum
1146 218 1258 266 esse,
1289 217 1343 263 ita
1377 226 1422 257 ut
1458 215 1571 269 argui
1608 227 1692 253 non
1728 215 1846 268 poffit

537 276 1039 334 Sao-Congregationem
1073 276 1114 317 in
1132 275 1380 330 indulgenda
1411 271 1689 316 translationis
1721 275 1848 326 gratia

537 337 755 391 deceptam
771 334 885 376 fuisse
907 364 921 383 ,
953 335 1078 377 immo
1098 349 1145 375 ex
1167 333 1376 376 rationum
1395 330 1615 374 momentis
1640 330 1680 369 in
1702 332 1848 385 preci-

536 394 612 435 bus
627 391 806 435 adductis
821 391 966 434 efficax
986 392 1136 434 desumi
1156 402 1442 449 argumentum
1462 400 1475 438 ·,·
1507 402 1590 444 quo
1615 388 1846 430 translatio*

539 452 602 494 uls
623 449 755 506 gratia
770 449 953 491 sustineri
976 478 989 497 ,
1021 450 1065 491 ἃ.
1084 450 1230 505 exequi
1251 451 1424 491 omnino
1441 447 1590 488 debeat
1608 474 1621 487 .

483 505 623 564 Negat
655 506 971 552 translationem·
996 507 1219 565 expetitam
1252 505 1365 549 fuiffe
1386 538 1398 555 ,
1428 506 1531 560 quin
1566 504 1807 546 parochiani
1833 525 1853 552 ,-

541 566 689 621 aliique
715 565 910 606 interesse
937 565 1131 607 habentes
1165 564 1417 619 interpellati
1450 562 1637 609 fuerint,
1666 576 1759 603 cum
1797 562 1847 602 de

542 622 743 677 exquisito
777 623 923 679 Populi
964 624 1160 666 consensu
1196 621 1471 664 testimonium
1506 621 1722 676 perhibeat
1764 633 1847 659 non
1903 646 1905 649 -

539 682 668 727 solum
714 681 961 723 Ordinarius
991 682 1072 722 ised
1112 681 1232 722 etiam
1269 680 1621 734 Archipresbyter
1669 677 1849 730 aliique,

540 736 828 792 quamplurimi
856 737 1007 787 testes;
1039 740 1218 779 Demum
1249 751 1270 779 a
1309 738 1489 779 veritate
1523 735 1699 776 alienum
1741 732 1817 774 esse
1837 763 1851 781 ,

543 794 656 848 quod
678 806 786 835 nova
808 794 984 836 Ecclesia
1002 796 1044 836 S.
1068 796 1218 836 Mariae
1237 795 1286 835 de
1305 795 1439 835 Platea
1473 794 1517 834 sit
1536 790 1817 834 inaccessibilis
1840 819 1854 837 ,

547 849 660 905 quod
688 849 933 904 impervium
954 851 999 893 sit
1019 853 1098 894 iter
1117 883 1131 902 ,
1159 851 1204 894 &
1237 852 1432 908 periculis
1453 852 1678 892 obnoxium
1711 878 1724 895 ,
1756 863 1851 889 cum

542 910 593 949 ad
631 904 860 957 huiusmodi
899 907 1139 951 refellendas
1187 910 1457 964 exceptiones
1494 908 1850 962 Archipresbyter

541 978 647 1012 onus
666 963 915 1020 assumpserit
937 966 1150 1022 aperiendi
1169 967 1365 1008 accessum
1404 968 1454 1007 ad
1469 965 1613 1007 dictam
1633 961 1851 1004 Ecclesiam

542 1037 592 1065 ex
612 1021 689 1067 alio
707 1020 838 1065 castri
857 1022 983 1064 latere
1002 1023 1071 1064 ubi
1090 1023 1323 1066 Ventorum
1344 1025 1519 1080 impetus
1535 1033 1700 1065 arcetur
1717 1030 1742 1060 ,ἴ

488 1080 555 1122 Ad
574 1081 624 1126 ΙΙ,
647 1078 701 1121 ait
728 1091 988 1136 compertum
1006 1081 1119 1123 fuisse
1151 1082 1192 1123 in
1215 1082 1400 1123 Pastorali
1421 1081 1665 1122 Visstatione
1693 1077 1854 1132 expleta

543 1152 653 1180 anno
676 1150 795 1193 1779.
819 1167 831 1185 ,
865 1138 976 1192 quod
994 1137 1173 1181 Ecclesia
1187 1140 1230 1180 S.
1253 1139 1521 1182 Mammantis
1543 1139 1700 1179 ruinam
1730 1135 1856 1176 mina-

541 1197 664 1236 batur
689 1223 701 1241 ,
730 1193 775 1235 ἃ.
802 1194 897 1237 licet
934 1197 983 1236 de
1013 1210 1063 1238 eo
1092 1208 1282 1252 ternpore
1313 1197 1413 1238 illius
1436 1196 1673 1238 restauratio
1691 1194 1858 1234 deman-

544 1252 635 1294 data
652 1251 779 1295 fuerit
799 1282 808 1298 ‚
838 1251 1146 1295 restaurationis
1176 1264 1315 1294 tamen
1350 1267 1454 1308 opus
1490 1266 1697 1308 nunquam
1717 1249 1857 1305 exple-

543 1320 634 1349 tum
666 1307 778 1348 fuisse
799 1336 811 1355 ,
846 1309 939 1361 quia
975 1323 1049 1350 nec
1082 1309 1281 1351 Patronus
1314 1312 1481 1358 aderat,
1516 1325 1590 1351 nec
1624 1307 1854 1362 peculiares

542 1365 703 1406 reditus
722 1378 800 1417 pro
820 1364 986 1405 Fabrica
1007 1395 1019 1413 ,
1049 1365 1142 1405 hinc
1163 1366 1346 1421 redargui
1368 1381 1449 1406 non
1474 1368 1582 1422 posse
1604 1365 1856 1421 Episcopum

540 1421 568 1464 fi
588 1421 691 1463 illius
710 1421 1023 1462 demolitionem
1052 1422 1313 1463 demandavit
1335 1452 1348 1470 ‚
1380 1427 1424 1464 ὄῑ.
1457 1438 1549 1476 quae
1580 1424 1747 1464 aderant
1779 1434 1860 1460 cae-

545 1489 684 1520 menta
705 1477 743 1517 in
763 1477 1106 1519 construfflonem
1127 1494 1248 1522 novae
1268 1479 1456 1522 Ecclesiae
1471 1481 1511 1521 S.
1535 1482 1683 1522 Mariae
1713 1479 1761 1519 de
1775 1477 1863 1517 Pla(

546 1548 633 1582 tea,
649 1535 717 1575 ubi
734 1535 1003 1581 Simulacrum
1021 1536 1063 1581 S.
1081 1537 1328 1582 Mammami
1345 1538 1581 1582 translatum
1600 1539 1734 1581 fuerat
1752 1534 1859 1576 adhi-

554 1593 643 1634 beri
663 1591 769 1645 juffit
785 1622 795 1635 ο

492 1652 560 1696 De
579 1650 847 1693 translatione
864 1651 1133 1695 Ecclesiarum
1147 1654 1322 1709 disponit
1339 1654 1670 1698 Sac.C0ncilium
1689 1655 1855 1712 Seff.22.

546 1724 632 1765 cap.
655 1724 693 1763 7.
714 1711 762 1750 cle
776 1710 953 1761 Reform.
978 1739 990 1757 ‚
1020 1713 1129 1765 quod
1146 1710 1170 1751 s1
1188 1713 1371 1768 collapsae
1386 1714 1541 1755 fuerint
1563 1745 1573 1762 ‚
1605 1715 1650 1756 ἃ,
1668 1713 1859 1753 restaura-

551 1767 587 1808 ri
607 1781 692 1809 non
711 1767 862 1822 possint
893 1781 942 1808 ex
956 1767 1154 1812 fluetibus
1174 1798 1187 1816 ,
1217 1769 1260 1811 &
1291 1771 1564 1826 proventibus
1584 1800 1597 1818 ‚
1626 1770 1861 1826 quomodo-

551 1837 728 1878 cumque
759 1824 806 1865 ad
837 1838 900 1865 eas
922 1825 1230 1880 pertinentibus
1248 1857 1261 1876 ‚
1289 1830 1334 1871 ἃ.
1364 1829 1604 1871 parochiani
1625 1858 1638 1877 ‚
1665 1826 1731 1881 qui
1765 1840 1863 1868 om-

546 1880 668 1922 nibus
697 1880 796 1933 juris
817 1882 1008 1924 remediis
1037 1884 1211 1938 cogendi
1242 1887 1330 1926 sunt
1351 1917 1361 1934 ,
1397 1886 1520 1928 nimia
1552 1885 1726 1942 egestate
1747 1883 1863 1924 labo-

546 1950 643 1983 rent
671 1954 699 1979 =
732 1939 798 1980 Ad
813 1940 1036 1988 Matrica-s,
1061 1943 1130 1997 seu
1163 1944 1371 1985 viciniores
1410 1941 1861 1998 Ecclefiastransfhran-

545 2006 614 2038 tur
636 2013 689 2035 =.
714 1994 803 2038 sac.
826 1995 1042 2052 Congreg.
1075 2013 1124 2039 ex
1151 1999 1364 2056 proposita
1389 1999 1691 2042 commoditatis
1720 1999 1830 2040 causa
1849 2027 1862 2045 ,

548 2065 759 2096 annuente
800 2055 987 2097 Parocho
1020 2083 1034 2101 ,
1066 2056 1122 2099 ὃς
1167 2057 1450 2099 consentiente
1495 2058 1656 2114 Populo
1688 2055 1864 2098 Ecclesia

545 2123 567 2150 a
586 2122 803 2165 praerupto
820 2112 974 2153 Monte
1005 2112 1053 2152 ad
1073 2112 1284 2165 planitiem
1314 2113 1530 2156 transferri
1550 2114 1763 2170 permisit.
1794 2115 1862 2154 ln„

548 2167 740 2212 Amerina
764 2168 1092 2212 Translationis:
1124 2170 1339 2225 Agebatur
1368 2172 1417 2213 de
1445 2172 1667 2214 Parochiali
1687 2171 1862 2214 Ecclesia

552 2224 912 2269 castriGuardeae
939 2223 978 2264 in
1000 2225 1156 2269 vertice
1175 2227 1345 2269 altiffimi
1366 2259 1376 2276 ,
1401 2229 1445 2272 &
1472 2230 1676 2287 praerupti
1710 2227 1860 2271 montis

551 2279 626 2322 sita
644 2280 712 2321 ubi
730 2281 953 2337 antiquitus
972 2283 1126 2326 Incolae
1161 2287 1209 2327 ad
1241 2300 1456 2328 numerum
1488 2290 1611 2343 usque
1645 2287 1742 2343 480.
1771 2298 1861 2326 mo-

550 2338 752 2400 rabantur
771 2368 784 2388 ,
816 2342 861 2383 ὄῑ.
878 2338 1008 2382 tractu
1027 2342 1226 2398 temporis
1248 2341 1386 2385 resista
1417 2345 1584 2401 antiqua
1609 2345 1776 2387 statione
1798 2342 1861 2383 hae

552 2396 732 2439 bitacula
749 2396 796 2441 ad
813 2397 967 2441 radices
987 2396 1107 2453 ipsius
1127 2400 1289 2444 Montis
1305 2403 1622 2444 construxerunt
1641 2432 1650 2441 .
1673 2401 1779 2441 Cum
1799 2414 1865 2440 au—

551 2463 639 2494 tem
674 2454 715 2494 in
736 2453 909 2509 planitie
937 2455 1062 2497 altera
1095 2458 1193 2500 ess'et
1223 2458 1402 2501 extrueta
1429 2462 1601 2502 Ecclesia
1633 2458 1674 2498 S.
1696 2456 1863 2512 AEgidio

557 2510 690 2553 dicata
708 2540 721 2559 ‚
754 2511 929 2567 petitum
947 2512 1052 2560 fuit,
1084 2527 1129 2556 ut
1144 2516 1193 2557 ad
1214 2515 1321 2558 illam
1348 2517 1408 2559 utl
1426 2518 1581 2574 Populo
1602 2515 1726 2569 magis
1751 2528 1866 2556 com-

556 2568 719 2610 modam
764 2570 931 2626 antiqua
963 2570 1207 2614 parochialis
1239 2575 1535 2617 transferretur
1572 2601 1584 2620 ‚
1637 2573 1731 2613 hinc
1766 2584 1865 2627 pro-

560 2625 696 2688 posit-0
715 2626 842 2668 dubio
871 2645 900 2666 =
923 2627 989 2670 Aa
1011 2629 1061 2684 fit
1090 2630 1344 2688 locuspett'toe
1366 2630 1640 2673 Translationi
1662 2647 1690 2668 =
1720 2630 1801 2670 Die
1821 2629 1863 2668 8.

563 2680 671 2735 Μαι.)
698 2686 819 2742 1706.
840 2685 999 2748 proclii}
1015 2686 1209 2744 resolutio
1239 2707 1268 2733 ε
1296 2688 1540 2747 Affirmatc've
1555 2691 1609 2732 ad
1625 2685 1866 2798 novatlnsEc·

1713 2760 1734 2790 c
1750 2759 1771 2785 e
1787 2756 1867 2786 {clm
