2002 2959
538 120 578 160 3.
601 103 776 165 'Augusti
802 105 930 163 1782?
1375 124 1454 169 ¹¹9

67 161 278 204 Praeterea
311 160 537 204 advertunt
560 192 572 210 ‚
609 166 877 207 Ferentinam
914 163 1142 207 Civitatem
1186 166 1366 224 abrupto
1403 171 1445 211 in

131 218 290 260 Monte
313 217 424 261 sitam
447 249 459 267 ,
479 221 668 274 Hyemali
686 235 880 278 tempore
902 222 1038 278 pluvia
1060 252 1074 271 ‚
1112 223 1274 267 nivibus
1296 255 1309 274 ,
1349 228 1442 281 gelu

130 276 365 318 redundare
395 292 408 327 ·,
439 279 733 322 Cathedralem
775 280 994 322 Ecclesiam
1040 282 1080 322 in
1115 283 1271 325 summo
1319 277 1442 341 ipfius

128 334 296 377 Montis
324 335 484 378 vertice
504 337 783 380 consti-ueram
804 368 816 386 ,
850 339 898 379 ad
917 353 1090 394 eamque
1111 353 1195 382 non
1231 341 1301 382 nisi
1321 343 1442 398 gravi

127 392 318 449 periculo
338 395 394 435 ob
411 396 570 436 viarum
589 397 850 451 asperitatem
871 408 1012 450 patere
1031 397 1444 455 acceffun13Capitu-

134 449 218 491 lum
237 450 269 491 al
290 451 321 491 is
339 451 464 494 etiam
484 453 560 494 effe
579 464 796 508 gravatum
815 453 1015 495 oneribus
1037 469 1048 502 ;
1069 453 1330 497 manifestam
1353 451 1447 501 ideo

131 506 414 551 neceffitatem
434 525 582 565 urgere
603 541 616 559 ,
652 527 702 552 ne
719 511 920 552 affuetum
952 509 1086 553 Cbori
1122 512 1334 554 servitium
1367 515 1441 556 im-

132 577 318 608 mutetur
337 595 349 614 ‚
377 568 491 623 quod
510 567 674 611 fortasse
695 582 742 609 ex
776 569 858 610 loci
883 566 1080 622 qualitate
1104 597 1117 616 ,
1151 570 1196 612 ἃ
1230 571 1330 613 statu
1364 571 1444 614 fuit

142 625 415 667 constitutum
440 656 451 666 .

74 679 357 738 Episcopus-»in
375 683 440 724 sua
461 681 662 723 relatione
683 698 768 724 rem
788 693 918 724 totam
936 683 1169 726 luculenter
1204 687 1405 742 expendit
1427 718 1442 736 ‚

134 737 179 781 ἃ.
199 739 248 781 fic
267 740 519 781 concludit:
541 741 712 783 Unicum
731 743 831 782 mihi
847 742 1004 784 videtur
1024 742 1441 802 Canonicissupereffe

127 798 323 856 effugium
354 799 407 839 ad
419 797 571 854 servitij
585 799 886 841 diminutionem
904 815 957 842 ex
983 803 1123 857 gratia
1155 812 1310 842 tantum
1316 801 1447 857 juxta

130 869 267 896 eorum
279 857 508 910 petitionem
534 857 785 899 obtinendam
810 887 821 904 ,
847 860 960 913 quod
978 872 1115 914 nempe
1134 873 1188 900 ex
1216 855 1340 914 supra
1374 876 1448 903 re-

128 913 226 954 latis
244 913 986 972 ltabeantpresesupradatumsuarum
1006 916 1450 973 Constitutionumsm·

127 980 215 1012 tum
238 1000 252 1019 ‚
275 971 501 1030 longevum
520 975 839 1030 consuetudinem
860 1004 873 1022 ,
908 975 1260 1020 &conniventiam
1293 976 1450 1032 usque...

128 1029 345 1070 adannum
368 1029 489 1085 1756.
525 1033 801 1073 continuatam
833 1061 846 1079 ,
875 1032 1034 1089 locique
1069 1034 1322 1087 asperitatem
1357 1062 1370 1079 ‚
1400 1037 1444 1075 in

128 1100 209 1142 quo
229 1087 477 1129 cathedralis
493 1089 575 1131 haec
605 1089 773 1136 Ecclesia
783 1089 858 1142 fita
879 1090 931 1144 est
953 1123 962 1135 ‚
995 1106 1086 1147 quae
1100 1105 1156 1131 ex
1191 1092 1454 1145 commisera-

124 1147 238 1186 tione
254 1146 470 1187 dumtaxat
486 1147 663 1188 animum
680 1147 764 1187 ΕΕ.
792 1146 880 1189 VV.
900 1148 1059 1199 flec‘l‘ere
1073 1147 1237 1204 fortaffie
1248 1147 1408 1203 poffiint
1428 1178 1444 1197 ,

126 1213 173 1244 ut
202 1216 293 1243 reor
322 1204 375 1243 ad
416 1207 585 1259 petitam
612 1203 771 1260 servitij
801 1206 1050 1248 diminuendi
1079 1210 1263 1263 gratiam
1300 1209 1449 1249 indul-

128 1262 306 1318 gendum
326 1276 354 1297 =
1240 1301 1241 1304 ,

70 1319 120 1361 In
151 1333 242 1374 cap·
263 1318 488 1373 Presbyter
510 1319 558 1361 de
593 1319 873 1361 celebratione
907 1320 1016 1362 Miss.
1058 1320 1146 1362 haec
1182 1321 1392 1363 habentur
1424 1342 1454 1363 =

127 1378 279 1432 Septies
296 1380 338 1418 in
370 1380 433 1418 die
462 1379 618 1419 laudem
638 1380 728 1418 dixi
747 1379 820 1419 tibi
847 1408 858 1424 ‚
890 1381 961 1434 qui
965 1380 1218 1435 septenarius
1255 1395 1446 1423 numerus

129 1451 155 1477 a
177 1435 288 1476 nobis
307 1435 493 1488 impletur
509 1434 565 1489 ,fi
579 1436 781 1475 MJtutini
800 1465 812 1482 ‚
841 1438 983 1478 Primae
1004 1466 1015 1483 ‚
1051 1437 1194 1478 Tertia:
1216 1466 1230 1484 ,
1262 1438 1401 1479 Sextae
1437 1468 1452 1488 ‚

130 1493 267 1537 Nonae
284 1521 297 1539 ‚
334 1492 512 1548 Vesperae
534 1519 546 1538 ‚
577 1492 631 1535 ὅσ
649 1491 909 1548 Completorij
927 1502 1101 1549 tempore
1118 1494 1259 1549 nostrae
1289 1495 1455 1537 servitu-

129 1554 184 1595 tis
203 1551 614 1607 officinpersolvamus
631 1579 644 1598 ,
663 1549 765 1592 &in
788 1549 1057 1592 Clementina
1081 1567 1115 1592 1.
1146 1552 1295 1591 eodem
1336 1581 1349 1597 ,
1382 1553 1449 1594 tit.

131 1609 322 1651 statuitur
345 1637 356 1649 .
400 1609 512 1650 Utin
549 1608 850 1650 Catlzedralibus
873 1639 884 1655 ‚
915 1608 1184 1665 Regularibus
1203 1636 1215 1654 ‚
1253 1607 1453 1652 &Colle-

126 1669 255 1725 giatis
279 1667 457 1725 Ecclefiis
477 1668 588 1707 boris
600 1666 738 1708 debitis
755 1667 894 1708 devote
923 1665 1127 1722 psallatur
1148 1681 1159 1707 ε
1188 1667 1227 1706 in
1245 1666 1341 1706 aliis
1357 1681 1451 1708 vero

129 1726 413 1767 convenienter
431 1753 443 1771 ‚
479 1725 522 1770 dy
538 1724 665 1766 debite
698 1724 914 1766 celebretur
932 1725 1126 1765 Divinum
1146 1726 1338 1764 diurnum
1360 1753 1373 1770 ,
1407 1727 1454 1771 ὺ-

131 1785 371 1825 ηοέῗιινηωη
396 1782 577 1839 Officium
598 1800 626 1820 =
643 1780 884 1823 Concilium
903 1780 1200 1822 Tridentinum
1220 1779 1270 1819 ad
1303 1781 1455 1823 tollen-

132 1842 207 1882 dos
241 1841 384 1883 abusus
417 1841 509 1898 Seff.
530 1853 598 1895 24.
630 1855 715 1897 cop.
737 1852 800 1881 ιε.
819 1843 868 1881 de
897 1838 1074 1891 Reform.
1112 1836 1249 1879 statuit
1297 1868 1308 1884 ,
1341 1841 1456 1894 quod

134 1898 410 1940 Obtinentibus
427 1900 466 1939 in
488 1899 686 1954 Ecclefiiis
699 1897 1099 1943 Catlzedralibus‚aut
1123 1895 1359 1952 Collegiatis
1376 1898 1458 1942 Di.

130 1956 309 2013 gnitates
328 1986 341 2005 ,
372 1957 640 1999 canonicatus
661 1986 674 2005 ,
705 1957 941 1999 praebendas
962 1984 975 2003 ,
1006 1964 1078 1995 out
1109 1954 1321 1996 Portiones
1341 1969 1452 1996 non„

134 2015 254 2055 liceat
271 2016 409 2071 vigore
426 2012 636 2070 cujuslibet
658 2014 806 2071 statuti
831 2046 842 2062 ‚
873 2023 945 2056 out
980 2012 1278 2069 consuetudinis
1318 2013 1453 2054 ultra„

135 2081 215 2112 tres
260 2071 417 2125 Menses
448 2074 496 2114 ab
515 2073 648 2130 iisdem
680 2073 869 2128 Ecclefiis
901 2070 1025 2127 abeffe
1056 2098 1069 2117 ,
1092 2070 1221 2126 salvis
1250 2069 1458 2112 nihilomi-

135 2143 213 2170 nus
246 2143 385 2170 earum
407 2132 668 2186 Ecclefiarum
684 2130 1033 2186 constitutionibus
1051 2156 1063 2176 ,
1084 2126 1455 2185 quaelongiusser-

137 2183 228 2239 υἱεῖ]
251 2196 403 2242 tempus
421 2191 629 2243 requirunt
650 2217 662 2229 .

79 2244 282 2303 Quamvis
302 2257 351 2284 ex
373 2244 462 2285 Sac.
483 2244 662 2295 Concilij
683 2245 772 2298 lege
789 2246 987 2301 abrogata
1004 2243 1164 2284 fuerint
1190 2241 1455 2295 statuta‚quae

140 2301 245 2342 ultra
264 2312 348 2342 tres
370 2301 525 2342 menses
547 2301 780 2355 longiorem
811 2301 1107 2344 concedebant
1141 2298 1404 2339 vacationem
1446 2323 1461 2343 ,

136 2370 278 2400 tamen
301 2356 759 2412 nondefueruntaliqui
782 2389 795 2408 ,
813 2360 882 2413 qui
898 2358 1057 2414 opinati
1091 2356 1183 2397 sunt
1209 2369 1292 2417 non
1340 2352 1456 2394 fuisse

137 2416 331 2458 sublatam
351 2433 371 2459 a
389 2416 586 2458 Concilio
607 2415 952 2459 conluetudinem
971 2413 1343 2463 immemorabilem
1365 2439 1379 2457 ,
1412 2420 1461 2451 ut

136 2473 346 2516 Canonici
386 2473 492 2515 ultra
527 2486 612 2515 tres
645 2473 801 2514 menses
835 2487 856 2513 a
891 2475 1023 2514 choro
1064 2483 1211 2512 vacare
1257 2466 1409 2524 poffint
1447 2497 1461 2513 ,

133 2532 256 2574 Hane
276 2532 521 2586 opinionem
552 2530 798 2587 reprobavit
816 2530 905 2572 Sac.
943 2529 1083 2583 Cong.
1105 2529 1146 2568 in
1189 2527 1454 2583 calagurita-

136 2605 186 2631 no
214 2619 227 2638 ‚
261 2590 300 2630 in
320 2604 396 2644 qua
416 2605 529 2632 anno
556 2591 675 2643 1581.
699 2587 748 2630 sic
769 2588 983 2645 respondit
1005 2605 1034 2626 =
1060 2585 1164 2627 ‘Sac-
1199 2586 1351 2641 censuit
1370 2597 1457 2628 non

138 2650 254 2691 licere
274 2649 540 2690 Priebendntis
554 2652 693 2706 vigore
709 2645 993 2703 cuiuscumque
1008 2643 1307 2700 consuetudinis
1324 2644 1446 2683 etiam

142 2707 465 2750 immemorabilis
481 2709 529 2748 ab
547 2720 684 2749 eorum
701 2704 884 2759 Ecclefiis
899 2706 1006 2746 ultra
1025 2714 1107 2746 tres
1133 2701 1295 2757 Menses
1323 2698 1451 2752 abes-2

1316 2758 1388 2804 [θ’
