2002 2959
573 113 634 157 16.
652 114 803 158 Martii
820 113 947 171 1782·
1406 121 1463 168 31

132 171 354 271 atquediis‚‘
391 185 484 229 quae
517 169 539 213 a
558 174 747 216 Partibus
782 173 823 215 in
856 167 1021 214 Libellis
1040 179 1339 228 proponentur
1356 200 1369 220 ,
1402 185 1466 213 re-

89 234 412 346 Aglsstjiaenrcieuin
435 316 448 335 ,
481 289 545 331 vel
563 289 817 334 recedendum
835 289 859 329 ὰ
874 286 1008 334 decisis
1023 287 1063 328 in
1079 286 1169 344 casu
1191 288 1274 334 dyc.

200 460 269 504 Ad
287 462 316 500 I.
341 459 530 502 Indecisis
555 491 567 509 ‚
586 462 643 504 -&
663 460 867 517 amplius:
898 458 965 502 Ad
983 459 1033 501 ΙΙ.
1063 459 1259 503 Indecifis
1295 460 1340 504 ὅτ.
1373 473 1469 501 am-

266 518 371 575 plius
392 548 405 566 ,
436 520 481 562 ἃ.
497 519 543 561 ad
562 530 745 561 mentem
764 548 774 558 .

213 692 442 734 ERVIEN.
463 691 502 732 A
520 690 705 734 Civitate
725 691 895 734 Cerviae
911 702 1090 747 quatuor
1122 690 1293 733 cli-citer
1326 689 1468 732 millia·
1501 681 1842 740 &snecta-apag:

92 804 96 807 ἱ
226 751 335 791 ribus
352 749 465 791 distat
481 748 588 789 Villa
607 748 860 798 Castilionis,
880 749 919 789 in
946 763 1024 805 qua
1043 749 1159 790 unica
1177 748 1337 790 tantum
1362 747 1469 789 adest
1503 742 1552 781 cle
1573 741 1748 796 Resffl'm·

145 807 402 851 Parochialis
423 807 598 849 Ecclesia
630 809 753 849 certis
788 807 985 849 limitibus
1017 806 1325 861 circumscripta
1356 807 1469 846 Divo

144 866 343 908 Antonio
363 865 517 907 Abbati
537 866 671 907 dicata
690 894 702 913 ‚
733 864 797 907 cui
819 865 995 922 Populus
1014 863 1132 906 diciae
1154 865 1277 905 Villae
1298 862 1471 916 subjici-

146 933 246 965 tur.
280 924 347 976 Jus
372 934 505 964 autem
542 923 782 965 nominandi
815 924 861 964 ad
893 933 1037 964 nutum
1067 921 1329 962 amovibilem
1350 924 1471 962 Paro-

152 981 277 1022 chum
312 979 430 1021 dietae
464 981 653 1023 Ecclesiae
684 981 807 1023 habet
840 981 1175 1023 Archidiaconus
1208 978 1470 1021 Cathedralis

148 1038 388 1080 Cei-viensis
406 1039 597 1081 Ecclesiae
619 1070 628 1085 ‚
661 1053 796 1093 eoque
827 1038 874 1080 ad
895 1039 1143 1096 Episcopum
1181 1037 1435 1092 praesentato
1457 1065 1471 1084 ,

147 1096 197 1136 ad
217 1096 320 1136 illius
339 1095 526 1138 favorem
546 1125 557 1144 ‚
595 1098 756 1152 praevio
775 1096 963 1138 examine
985 1128 995 1143 ,
1033 1093 1314 1152 expediuntur
1351 1094 1474 1136 colla-

148 1152 276 1195 tionis
311 1154 440 1194 Bullae
463 1183 475 1201 ,
510 1153 662 1206 adjeeta
682 1153 855 1195 clausula
875 1182 889 1201 ,
922 1166 965 1195 ut
985 1153 1052 1194 ille
1073 1182 1086 1202 ‚
1117 1151 1349 1193 inconsulto
1371 1152 1472 1203 Epi-

150 1211 310 1265 scopo,
337 1212 519 1252 amoveri
540 1224 622 1251 non
644 1212 767 1267 poffit
800 1226 812 1261 ;
852 1211 1063 1253 Par-ochus
1099 1209 1204 1251 vero
1242 1208 1472 1265 plenariam

149 1268 396 1309 Animarum
414 1282 555 1309 curam
577 1298 589 1316 ,
618 1269 840 1324 omniaque
857 1268 1109 1311 Parochialia
1129 1269 1266 1309 munia
1287 1297 1298 1315 ,
1329 1278 1371 1308 ut
1394 1281 1473 1308 cae-

155 1326 236 1367 teri
251 1325 607 1381 Parochi‚semper
627 1327 811 1368 exercuit
834 1358 845 1375 ‚
877 1328 1106 1369 &exercet
1125 1326 1256 1367 adhuc
1274 1326 1475 1382 indepen-

153 1382 439 1424 denterturna
455 1384 696 1425 Cathe'drali
731 1385 908 1426 Ecclesia
928 1414 942 1434 ,
975 1385 1062 1428 tum
1092 1384 1141 1426 ab
1171 1383 1276 1425 illius
1310 1382 1475 1425 Archi-

159 1442 335 1482 diacono
356 1470 367 1480 .

98 1498 383 1540 Parochialem
418 1499 519 1541 hanc
537 1499 754 1542 Ecclesiam
776 1513 887 1541 nunc
922 1499 1096 1555 possidet
1116 1497 1474 1552 SacerdosJoseph

157 1555 373 1611 Rogonefi
397 1587 409 1605 ‚
444 1572 566 1612 quem
587 1558 721 1600 laudat
739 1558 968 1614 Episcopus
1001 1587 1014 1605 ‚
1033 1557 1075 1598 &
1093 1557 1142 1596 de
1167 1555 1254 1607 ejus
1274 1555 1476 1610 moribus,

157 1613 377 1661 dodirina,
417 1616 598 1669 pietate,
631 1616 674 1657 &
706 1615 932 1656 idoneitate
969 1614 1016 1655 ad
1049 1613 1274 1668 gerendam
1293 1613 1476 1653 Anima-

158 1686 251 1713 rum
265 1686 406 1713 curam
425 1672 686 1729 summopere
703 1673 934 1727 gratulatur
951 1700 962 1712 .
992 1670 1184 1712 Geminis
1204 1682 1320 1711 retro
1356 1669 1474 1710 annis

157 1742 305 1770 tumor
324 1743 400 1784 per
417 1730 621 1785 Populum
641 1731 756 1772 dietae
776 1730 899 1771 Villae
920 1730 1085 1785 serpere
1103 1727 1230 1785 caepit
1245 1755 1258 1774 ‚
1292 1727 1403 1781 quod
1421 1724 1477 1765 es-

158 1787 217 1827 set
237 1786 420 1828 Paschale
439 1801 699 1844 praeceptum
722 1786 1027 1843 adimplendum
1043 1786 1084 1826 in
1099 1784 1371 1831 cathedrali,
1393 1796 1478 1824 non

159 1853 297 1883 autem
318 1847 355 1883 in
378 1845 549 1899 propria
567 1845 791 1887 Parochiali
829 1843 1006 1887 Ecclesia
1036 1844 1079 1884 S.
1100 1842 1277 1885 Antonii
1301 1841 1477 1882 Abbatis

164 1899 340 1950 ejusdem
360 1902 482 1943 Villae
502 1933 514 1951 ,
543 1918 594 1944 eo
613 1903 776 1946 innixus
792 1901 1001 1959 supposito
1023 1932 1036 1951 ‚
1066 1899 1176 1956 qu'od
1200 1901 1284 1942 haec
1300 1897 1481 1941 Ecclesia

164 1957 321 1999 adnexa
349 1958 395 2000 fit
429 1960 665 2002 Cathedrali
699 1989 712 2009 ,
746 1960 946 2018 ipfiusque
984 1958 1318 2001 Archidiaconus
1357 1968 1481 1998 verus

168 2014 216 2055 s1t
234 2015 438 2058 Parochus
470 2018 647 2072 Ecclesie
668 2018 896 2075 saepedictae
913 2018 1038 2060 Villae
1061 2047 1074 2066 ,
1106 2017 1150 2058 ἃ.
1185 2016 1322 2072 reapse
1344 2014 1482 2071 plures

168 2072 340 2112 fuerunt
358 2075 596 2118 Parochiani
617 2107 630 2125 ,
664 2078 733 2132 qui
754 2076 928 2119 Paschali
946 2088 1140 2130 tempore
1175 2074 1353 2116 duorum
1377 2085 1486 2126 prae·

173 2129 450 2184 terlapsorum
466 2135 864 2191 annorum,propria
881 2133 1075 2176 derelieta
1098 2131 1315 2178 Parochia,
1335 2132 1382 2171 ad
1403 2129 1483 2169 Ca·

173 2186 401 2228 thedralem
421 2192 675 2232 accesserunt
699 2223 708 2232 .
745 2193 910 2234 Verum
929 2206 1021 2234 cum
1060 2189 1091 2230 is
1112 2203 1254 2230 rumor
1286 2189 1389 2229 adeo
1423 2186 1482 2224 in-

170 2243 354 2285 creverit
373 2259 501 2300 penes
514 2248 714 2301 Populum
728 2250 834 2302 dicte
855 2249 978 2290 Villae
1001 2279 1014 2295 ‚
1045 2257 1088 2287 ut
1122 2245 1329 2287 Parochus
1370 2243 1485 2283 valde

170 2303 346 2349 timeat,
372 2317 518 2344 omnes
535 2333 546 2351 ,
577 2305 643 2344 vel
662 2304 751 2347 fere
771 2320 917 2347 omnes
936 2304 1213 2345 parochianos
1245 2304 1333 2341 suos
1355 2303 1400 2339 ad
1419 2300 1488 2339 Sa·

175 2369 286 2402 cram
304 2362 537 2401 sumendam
558 2361 752 2415 Synaxirn
775 2364 850 2403 hoc
871 2360 1106 2402 imminenti
1122 2358 1295 2401 Paschali
1317 2368 1490 2410 tempo-

174 2430 220 2457 re
239 2418 463 2459 accessuros
481 2418 557 2459 effe
578 2421 624 2459 ad
644 2419 935 2460 Catbedralem
955 2449 965 2465 ‚
999 2419 1091 2458 ideo
1116 2429 1263 2471 preces
1297 2414 1490 2471 porrexit

180 2473 273 2515 huic
293 2476 430 2517 Sacrae
447 2475 804 2531 Congregationi‚
835 2489 880 2519 ut
900 2506 913 2517 .
943 2478 1056 2529 quod
1084 2474 1305 2530 expediens
1334 2471 1376 2512 fit
1412 2485 1489 2522 pro

180 2533 425 2573 Animarum
449 2535 568 2574 salute
590 2565 602 2583 ,
626 2527 678 2576 ‘ac
700 2547 777 2591 pro
811 2535 1028 2575 securitate
1054 2531 1239 2589 propriae
1261 2530 1494 2573 Conscien-

181 2589 251 2629 tiae
274 2622 285 2638 ,
318 2590 547 2632 declaretur
569 2623 577 2632 .

127 2644 298 2690 Litterae
312 2662 390 2704 pro
411 2648 708 2693 informatione
730 2681 740 2696 ‚
775 2649 820 2693 &
842 2662 943 2693 voto
959 2651 1063 2693 datae
1083 2647 1255 2692 fuerunt
1274 2641 1495 2741 (ἶετνῑὲηξῑ

1438 2715 1500 2756 Ρῑ·
