2002 2959
610 117 689 170 198
1046 119 1110 160 14.
1135 106 1361 148 Decembris
1385 107 1507 159 1782:

538 174 599 215 Ex
626 174 684 212 his
705 165 832 207 infert
862 165 987 207 etiam
1024 166 1072 204 ad
1103 166 1151 204 ll.
1173 165 1367 210 dubium,
1389 176 1473 203 non
1502 161 1613 217 poste
1642 164 1883 219 Capitulum
1906 198 1918 217 ,

598 241 679 270 tam
697 238 745 264 ex
766 222 883 278 supra
902 222 1118 264 recensitis
1149 222 1270 261 bonis
1291 251 1304 269 ,
1336 235 1458 275 quam
1488 234 1536 260 ex
1557 221 1642 261 aliis
1663 223 1917 266 obversioni-

597 286 672 324 bus
691 309 704 329 ,
738 281 781 337 &-
804 280 1082 336 proventibus
1118 280 1166 320 ad
1186 280 1313 334 ipsum
1331 276 1608 334 spectantibus
1641 280 1837 321 omittere
1861 283 1922 322 in-

598 339 857 383 stitutionem
884 337 1027 380 Maffae
1056 337 1286 378 communis
1306 368 1314 382 ‚
1350 349 1440 375 nam
1475 334 1545 375 hac
1565 347 1730 377 retenta
1750 335 1922 381 Meiho'-

599 401 654 441 do
673 428 685 446 ‚
717 395 865 438 indicta
895 395 1016 438 lexin
1038 395 1292 451 Apostolicis
1312 392 1478 435 Litteris
1501 393 1689 435 servatur
1711 424 1723 441 ,
1744 392 1920 446 q'uilibet

600 471 652 498 ex
674 453 902 496 Canonicis
934 467 1074 510 parem
1097 453 1260 493 habebit
1287 452 1527 507 portionem
1551 481 1564 498 ‚
1591 453 1635 492 ἃ.
1656 451 1917 505 Capitulares

596 524 740 556 omnes
760 527 806 553 ea
822 526 901 567 qua
936 525 1008 566 par
1041 510 1095 552 est
1116 511 1324 565 diligentia
1357 507 1786 550 inservientEcclefiae
1803 540 1816 558 ,
1847 525 1918 552 cu-

597 571 661 626 jus
681 569 834 613 reditus
870 571 924 610 ob
943 569 1036 610 alias
1054 568 1248 610 Fidelium
1280 566 1520 622 largitiones
1547 566 1635 623 post
1668 567 1917 623 Collegiatae

599 627 855 671 erectionem
875 628 1080 668 obventas
1100 625 1277 668 adauctae
1299 626 1390 665 lunt
1409 655 1419 666 .

546 688 614 731 Ad
631 687 699 727 ΠΙ.
719 685 897 728 advertit
915 684 1064 725 claram
1084 684 1162 724 effe
1182 681 1403 724 erectionis
1425 680 1580 721 Bullam
1602 712 1612 727 ‚
1649 682 1689 722 in
1712 696 1790 736 qua
1813 697 1920 737 prte-

601 743 784 799 cipitur,
817 742 929 797 quod
959 740 1149 782 detractis
1181 740 1336 781 ducatis
1369 738 1586 781 duodecim
1623 738 1709 779 auri
1751 738 1916 794 singulis

601 800 830 843 Canonicis
862 799 903 839 in
937 797 1100 839 titulum
1123 797 1368 840 Praebendae
1400 795 1639 850 affignandis
1673 811 1820 838 omnes
1855 798 1917 838 su-

595 867 864 915 perextantes
883 855 1041 897 reditus
1059 857 1229 910 utriusq.
1253 854 1505 896 haereditatis
1522 853 1562 893 in
1582 855 1691 893 usum
1712 853 1913 896 distribu-

595 918 759 959 tionum
803 912 1135 968 quotidianarum
1171 922 1473 953 convertantur
1493 925 1506 959 ;
1542 910 1634 951 Nec
1665 910 1706 949 in
1742 913 1914 952 minimo

605 972 744 1016 obesse
777 971 992 1012 decretum
1024 970 1208 1012 Concilii
1237 967 1478 1011 Tridentini
1509 997 1522 1015 ‚
1552 981 1636 1022 quo
1670 968 1919 1017 mandatur,

600 1036 649 1073 ut
681 1031 722 1071 'in
743 1027 958 1076 Ecclesiis‚
997 1028 1220 1084 iri-quibus
1238 1027 1362 1069 nullae
1380 1027 1470 1067 sunt
1499 1024 1811 1066 distributiones
1846 1027 1919 1069 fiat

599 1086 801 1143 separatio
818 1086 953 1128 tertiae
973 1085 1098 1141 partis
1120 1086 1327 1127 redituum
1355 1084 1676 1126 praebenda-rum
1697 1112 1710 1130 ‚
1742 1098 1835 1138 quae
1869 1085 1914 1125 in

597 1145 911 1188 distributiones
944 1143 1204 1198 quotidianas
1222 1154 1496 1186 convertatur
1516 1170 1529 1189 ,
1560 1155 1652 1182 cum
1669 1141 1711 1180 in
1734 1141 1917 1196 praesen-

599 1204 629 1246 ti
648 1203 735 1257 casu
756 1201 934 1245 adsitlex
967 1200 1185 1244 erectionis
1221 1202 1467 1255 Collegiatae
1498 1197 1756 1241 contrarium
1781 1198 1915 1254 dispo-¹

602 1274 706 1303 nens
726 1290 738 1307 ,
771 1260 835 1300 cui
856 1260 1030 1300 omnino
1049 1258 1343 1301 adhaerendum
1362 1258 1415 1296 est
1430 1285 1440 1295 .

547 1319 617 1364 ‚Ad
634 1318 705 1358 IV.
728 1316 894 1358 sustinet
919 1314 1177 1368 quotidianas
1213 1312 1522 1355 distributiones
1555 1313 1686 1365 aequis
1722 1312 1913 1366 partibus

601 1374 846 1417 dividendas
860 1372 937 1412 efle
966 1371 1076 1412 inter
1095 1384 1240 1412 omnes
1255 1370 1496 1412 Canonicos
1517 1397 1529 1415 ,
1563 1369 1630 1422 qui
1659 1367 1808 1409 Choro
1822 1383 1915 1410 cae-

600 1431 786 1484 terisque
820 1427 992 1469 Divinis
1024 1428 1187 1469 Officiis
1217 1427 1446 1474 interlunt,
1472 1427 1540 1466 vel
1574 1425 1614 1464 in
1651 1425 1869 1480 designatis
1891 1442 1915 1470 a

602 1488 696 1540 iure
719 1485 871 1529 casibus
892 1496 1085 1541 tanquam
1103 1485 1390 1527 interelsentes
1410 1485 1614 1525 habentur
1635 1512 1649 1530 ,
1678 1484 1726 1523 ab
1745 1484 1818 1525 illis
1841 1499 1912 1525 ve·

609 1559 661 1587 ro
676 1544 921 1586 amittendas
940 1575 953 1594 ,
968 1544 1036 1599 qui
1056 1543 1222 1584 aChori
1242 1542 1412 1584 tei-vitio
1432 1541 1608 1582 absunt.

551 1605 613 1647 Ex
631 1602 702 1644 alia
715 1615 820 1643 vero
837 1614 973 1657 parte,
988 1601 1199 1642 Canonic'i
1222 1598 1476 1642 fundationis
1498 1597 1677 1639 Corradi
1696 1597 1743 1637 ad
1762 1599 1791 1637 I.
1818 1598 1910 1640 Du-

609 1661 720 1702 bium
735 1671 905 1701 tuentur
922 1689 935 1708 ‚
949 1660 1076 1701 editas
1095 1673 1116 1700 a
1143 1658 1342 1715 Capitulo
1361 1656 1697 1697 Constittitiones
1733 1658 1909 1698 omuino

606 1719 824 1761 tervandas
844 1717 923 1758 effe
942 1747 955 1765 ,
993 1732 1086 1759 cum
1105 1716 1186 1759 illae
1201 1713 1404 1758 confectae
1424 1714 1644 1754 noscantur
1672 1712 1798 1752 statim
1820 1715 1910 1767 post

597 1779 777 1820 secutam
796 1775 1044 1828 Collegiatae
1079 1774 1335 1816 erectionem
1357 1802 1370 1821 ,
1404 1772 1570 1812 Divinis
1591 1802 1603 1818 ‚
1639 1772 1682 1810 ἃ.
1710 1771 1910 1812 Ecclesia-

598 1835 706 1876 sticis
739 1831 1012 1874 sanctionibus
1045 1836 1270 1877 contrariae
1304 1844 1388 1871 non
1417 1828 1524 1875 sint,
1558 1828 1785 1884 approbat-2
1825 1826 1908 1879 jam

598 1890 819 1932 fuerintab
836 1890 1042 1945 Episcopo
1065 1921 1078 1940 ,
1109 1891 1164 1935 ὅσ
1198 1891 1267 1931 sub
1287 1887 1566 1943 jurisjurandi
1607 1886 1682 1927 fide
1702 1886 1747 1927 ab
1771 1887 1907 1927 omni-

603 1949 679 1991 bus
700 1947 1004 2001 Capitularibus
1026 1961 1212 2003 receptae
1231 1979 1241 1989 .

547 2009 615 2052 Ad
635 2009 687 2048 ΙΙ,
711 2006 902 2047 sustinent
924 2023 1132 2062 nunquam
1169 2006 1207 2046 in
1228 2007 1317 2054 jure
1342 2006 1529 2046 statutum
1553 2001 1724 2051 reperii-i
1749 2029 1761 2048 ‚
1788 2002 1904 2057 quod

602 2065 806 2105 canonici
839 2065 1037 2115 aequalem
1074 2065 1223 2103 habere
1260 2067 1432 2105 Lafvezsiit
1473 2062 1740 2101 Prael‘ii-wlain
1765 2088 1777 2104 ‚
1808 2073 1905 2100 cum.

600 2122 797 2176 plurimae
817 2132 962 2161 extent
982 2120 1252 2160 Camerti-ales
1272 2150 1282 2164 ‚
1323 2122 1362 2160 ξ’,
1400 2120 1445 2159 ¹12³<
1473 2119 1641 2173 iirgiarzie
1678 2116 1871 2158 Ecclesiae
1888 2144 1902 2162 ,

598 2179 645 2219 in
667 2177 815 2232 quibus
831 2188 893 2217 tot
916 2179 1009 2217 {unt
1036 2177 1176 2219 Maffae
1197 2205 1208 2221 ,
1227 2191 1331 2231 quot
1350 2179 1405 2216 lii».
1435 2189 1515 2214 unt
1537 2176 1777 2216 Teiiaiores
1800 2204 1812 2223 ,
1835 2173 1904 2228 qui

595 2236 849 2277 Praebendas
869 2235 1020 2274 institui
1054 2234 1297 2275 mandarunt
1319 2250 1330 2283 3
1362 2237 1533 2274 Addunt
1562 2244 1770 2284 praeterea
1789 2261 1802 2279 ,
1824 2243 1901 2271 nec

597 2289 792 2335 Ecclesiae
809 2289 978 2333 servitio
1007 2320 1021 2339 ,
1053 2302 1120 2331 aut
1148 2292 1291 2332 divino
1329 2292 1456 2334 cultui
1491 2288 1625 2332 obefl'e
1645 2319 1658 2337 ‚
1693 2292 1804 2343 quod
1837 2287 1902 2328 alii

603 2364 655 2391 ex
675 2348 902 2391 Canonicis
935 2348 1182 2404 pinguiori,
1212 2350 1275 2389 alii
1296 2363 1399 2391 vero
1434 2349 1556 2404 magis
1598 2347 1711 2388 tenui
1734 2347 1893 2400 potim-

602 2419 675 2450 tur
689 2407 914 2449 Praebenda
931 2436 944 2455 ‚
961 2422 1011 2448 ex
1028 2408 1085 2447 liis
1106 2405 1294 2448 inferunt
1327 2408 1551 2462 expetitam
1581 2405 1722 2445 Maffae
1759 2404 1902 2444 Com-

602 2466 740 2508 munis
757 2464 1060 2507 institutionem
1079 2464 1362 2520 denegandam
1381 2464 1458 2505 esse
1486 2479 1498 2513 ;
1518 2463 1680 2504 Fortius
1700 2476 1792 2515 quia
1816 2461 1900 2501 duo

602 2523 846 2565 'retiatores
866 2552 879 2571 ,
907 2522 977 2578 qui
997 2524 1171 2579 propi-ia
1190 2523 1299 2563 bona
1316 2535 1393 2578 pro
1408 2521 1617 2562 erectione
1651 2517 1900 2573 Collegiatae

604 2581 883 2623 contulerunt
913 2581 1071 2622 diversa
1116 2593 1274 2627 onera,
1306 2579 1561 2630 diversasque
1608 2577 1717 2630 leges
1741 2608 1753 2625 ‚
1775 2578 1898 2617 etiam

603 2638 742 2692 quoad
755 2640 969 2680 Bonorum
983 2636 1374 2678 administrationem
1390 2634 1606 2675 ediderunt
1631 2664 1640 2673 .
1676 2634 1766 2674 Nec
1790 2633 1901 2673 obes-

600 2695 640 2734 [e
662 2723 677 2742 2
706 2697 819 2748 quod
835 2710 886 2738 ex
902 2693 1151 2751 Apostolicis
1169 2693 1339 2735 Litteris
1357 2691 1580 2734 erectionis
1618 2690 1900 2790 Collegintaess3

1811 2763 1853 2789 ΠΙ
1891 2762 1900 2788 1
