2002 2959
144 192 150 197 ,
388 195 394 199 ⁴
505 155 573 200 23.
594 141 805 187 Februarii
834 136 956 200 1782ss
1389 142 1447 199 ΞΤ

161 199 395 245 UTRINA
421 212 435 242 ῑ
465 202 512 242 In
549 203 694 244 Castro
729 198 984 244 Triboniani
1018 196 1208 242 Sutrinae
1241 196 1444 242 Diaeeefis
1480 197 1574 258 Seff.
1591 204 1663 251 221
1679 203 1821 264 ῥάχις)ᾧ

175 272 356 317 quatuor
394 258 570 302 existunt
594 262 702 303 Loca
715 259 782 301 Pia
806 288 819 307 ‚
858 273 1040 314 quorum
1057 259 1242 300 redditus
1262 271 1356 301 curn
1385 258 1449 300 in·
1482 262 1533 305 de
1549 258 1732 316 Reform2

131 319 298 362 exacios
316 317 537 360 inveniffet
559 318 609 360 cl.
632 333 754 359 mem.
791 317 1023 359 Cardinaiis
1058 316 1311 373 Pamphilius
1347 329 1451 360 tam·
1622 318 1627 319 ⁷

127 391 253 434 quam
287 374 476 418 vifitator
508 376 776 433 Apostolicus
806 373 933 417 totius
973 374 1153 415 Sutrinoe
1199 373 1400 416 Diaecefis
1438 403 1454 424 ‚

128 436 198 478 die
232 445 272 490 5.
314 434 563 476 Decembris
596 447 716 490 1772.
752 433 794 474 in
829 430 1074 473 Pi·aefe<.²tum
1112 462 1121 477 ,
1158 431 1452 474 Ratiocinato·

128 507 222 535 rem
243 523 255 541 ,
290 491 333 534 ἃ.
353 489 596 533 Εχειᾶοπεω
615 490 820 532 dierorum
841 500 1021 544 quatuor
1043 489 1258 529 Locorum
1277 490 1453 532 Piorum

128 565 212 607 pro
228 551 390 591 illorum
410 549 578 590 creditis
599 546 793 589 inexaffls
816 549 972 589 tantum
1007 545 1136 601 elegit
1172 546 1450 588 Sacerdotem

129 607 488 651 Bartholomaeum
502 605 618 647 Berti
640 619 733 647 cum
753 618 886 647 onere
921 605 1030 645 inter
1065 614 1217 645 caetera
1253 603 1456 644 reddendi

130 666 349 709 rationem
372 662 427 704 sui
447 662 628 704 muneris
642 676 752 704 anno
771 663 958 718 quolibet
979 661 1151 703 Vicario
1169 660 1370 702 Gener-ali
1394 660 1456 702 di·

137 722 216 766 &ae
251 721 434 765 Sutrinae
451 720 647 762 Diaecefis
673 751 682 760 .
704 722 865 763 Verum
884 734 977 761 cum
998 718 1020 760 a
1038 719 1315 774 Syuodalibus
1337 717 1460 760 Con-

130 779 415 822 stitutionibus
433 778 749 834 praescribatur,
784 789 828 820 ut
858 777 1059 834 quidquid
1099 778 1371 833 pecuniarum
1407 790 1459 818 ex

130 837 365 881 redditibus
385 837 595 878 Locorum
631 837 798 893 piorum
833 836 1011 890 exigitur
1039 833 1082 875 in
1102 834 1317 877 communi
1344 835 1460 876 Arca

133 897 372 952 deponatur
393 923 405 941 ‚
421 906 597 950 excepta
615 894 765 935 summa
795 894 1009 936 scutorum
1028 894 1217 949 quinque
1253 906 1331 949 pro
1351 893 1458 948 ipso·

134 967 232 997 rum
251 953 322 994 usu
343 955 391 994 ab
413 952 577 993 illorum
599 951 857 993 Officiaiibus
890 951 1108 993 retinenda
1130 981 1141 999 ,
1176 950 1220 992 ἃ.
1243 965 1326 991 non
1351 952 1461 991 ultra

132 1011 206 1053 sub
233 1024 354 1064 paena
373 1010 624 1066 privationis
659 1012 707 1051 ab
743 1010 899 1051 Officio
923 1039 935 1057 ‚
965 1008 1143 1064 ideoque
1180 1006 1310 1063 Capsa
1346 1020 1461 1048 con·-

131 1066 282 1111 fimeta
314 1067 470 1122 triplici
502 1067 632 1109 Ciave
665 1068 853 1109 obserata
885 1066 963 1107 fuit
1002 1096 1015 1114 ‚
1048 1081 1126 1107 una
1166 1065 1317 1107 scilicet
1356 1064 1458 1106 reti-

133 1126 272 1169 nenda
301 1126 322 1166 a
345 1125 515 1166 Vicario
548 1127 740 1166 Foraneo
762 1155 775 1173 ,
810 1125 936 1165 altera
973 1126 1021 1164 ab
1046 1122 1458 1178 Archipraesbytero

134 1182 229 1225 dic0ti
252 1182 384 1223 Castri
404 1212 417 1231 ‚
432 1181 557 1223 tertia
573 1181 738 1224 demum
760 1182 1030 1224 amemorato
1050 1181 1265 1225 Locorum
1285 1180 1460 1222 Piorum

131 1240 339 1283 Praefecflo
358 1269 368 1280 .

69 1299 279 1362 Quamvis
297 1297 499 1340 Sacerdos
533 1298 646 1340 Berti
669 1311 773 1339 onus
807 1297 981 1342 haberet
1014 1294 1214 1340 reddendi
1251 1295 1460 1337 rationem

75 1359 79 1363 “
137 1360 219 1399 111ae
247 1356 612 1397 administrationis
641 1369 751 1397 anno
781 1357 973 1412 quolibet
1000 1386 1013 1405 ,
1047 1358 1126 1398 hoc
1165 1365 1305 1396 tamen
1341 1367 1451 1395 onus

133 1427 358 1469 numquam
379 1442 391 1460 ‚
431 1425 475 1453 ut
495 1414 681 1455 asseritur
702 1414 968 1470 ,adimplevit
985 1443 998 1463 ,
1034 1415 1090 1456 ita
1108 1422 1154 1453 ut
1188 1411 1279 1469 post
1313 1411 1458 1467 plures

138 1486 270 1514 annos
293 1485 342 1511 eo
365 1481 518 1512 vocato
539 1471 585 1512 ad
603 1485 694 1512 earn
715 1472 984 1519 reddendam,
1001 1471 1247 1512 exhibuerit
1283 1469 1452 1510 tandem

138 1530 357 1585 aliquando
377 1540 620 1584 computum
634 1528 714 1570 dati
735 1559 748 1578 ‚
778 1530 821 1572 &
849 1529 1101 1585 acceptisuis
1133 1541 1228 1568 cum
1262 1524 1423 1577 iuribus
1443 1536 1462 1573 ,·

141 1589 188 1631 ἃ.
205 1587 465 1630 documentis
483 1615 496 1634 ‚
528 1600 608 1642 pro
628 1600 808 1641 quorum
828 1588 1013 1629 examine
1034 1615 1046 1634 ,
1073 1597 1119 1626 ac
1150 1581 1360 1625 revifione
1389 1582 1462 1622 de-

141 1646 278 1703 putati
301 1643 471 1686 fuerunt
490 1644 647 1699 gemini
667 1643 875 1686 Canonici
896 1641 1160 1687 Cathedralis
1180 1640 1365 1683 Sutrinae
1381 1640 1463 1685 Ecs

138 1700 272 1747 clefiae
293 1731 305 1750 ,
325 1702 393 1757 qui
415 1702 516 1743 hanc
539 1701 749 1743 rationum
768 1699 1291 1744 redditioneminformem
1313 1728 1323 1745 ,
1362 1697 1462 1744 ineas

141 1761 275 1818 gaiem
297 1770 446 1813 ,atque
466 1758 647 1800 dolosam
668 1769 940 1815 agnoverunt
960 1789 969 1799 .

80 1820 313 1861 Recursum
330 1817 470 1859 habuit
489 1817 691 1860 Sacerdos
709 1817 825 1859 Berti
843 1816 889 1858 ad
910 1817 1012 1859 hanc
1029 1814 1194 1858 Sacram
1213 1813 1458 1870 Congrega-

138 1877 298 1918 tionem
317 1905 329 1923 ,
361 1890 409 1920 ut
423 1874 494 1917 fibi
519 1875 842 1918 restituerentur
861 1875 953 1916 libri
975 1904 989 1923 ‚
1021 1872 1066 1915 &
1085 1871 1458 1924 documenta‚quae

140 1932 286 1975 Curiae
298 1933 731 1991 Episcopalifiutrinae
751 1932 1001 1975 exhibuerat
1022 1960 1035 1979 ,
1067 1943 1147 1985 pro
1176 1944 1288 1971 nova
1304 1927 1460 1969 facien-

141 1992 194 2032 da
213 1990 447 2033 redditione
461 1990 800 2044 rationisjacffans
822 2019 835 2038 ,
866 1990 904 2031 se
934 1987 1191 2034 creditorem
1229 1988 1307 2028 effe
1327 2015 1340 2033 ,
1373 1995 1460 2025 non

142 2048 382 2091 debitorem
400 2078 410 2089 .
441 2050 688 2105 Auditoque
709 2049 880 2090 Sutrino
900 2047 1110 2104 Episcopo
1137 2074 1149 2093 2
1187 2045 1327 2086 retulit
1344 2074 1357 2092 2
1383 2044 1464 2083 LO·

145 2120 194 2149 ca
208 2105 273 2161 pia
291 2104 450 2147 redacta
467 2106 545 2148 effe
563 2107 605 2147 in
623 2107 899 2150 miserrimum
918 2107 1060 2147 statum
1082 2132 1093 2150 ,
1127 2103 1354 2157 retulitque
1386 2102 1465 2141 tri-

146 2179 211 2207 cas
230 2194 244 2213 ‚
275 2163 424 2218 quibus
442 2164 528 2205 usus
541 2163 620 2206 fuit
640 2193 654 2212 ‚
681 2179 727 2207 ac
749 2164 880 2207 utitur
899 2162 1103 2205 Sacerdos
1120 2161 1232 2202 Berti
1254 2175 1331 2215 pro
1346 2158 1463 2199 effu-

144 2222 297 2278 gienda
317 2220 551 2262 redditione
570 2222 742 2263 rationis
764 2222 884 2278 gestae
915 2222 964 2262 ab
991 2233 1042 2260 eo
1061 2215 1466 2262 Administrationis,

145 2289 309 2322 attenta
323 2276 595 2335 pecuniarum
613 2278 859 2334 dispersione
880 2309 893 2327 ‚
923 2278 1084 2330 fuitque
1131 2276 1172 2315 in
1212 2286 1314 2315 voto
1349 2273 1463 2312 iilum

146 2334 643 2392 muffiandisuspensionis
663 2363 676 2382 ‚
707 2335 752 2378 &
771 2336 918 2377 deinde
932 2331 1182 2390 privationis
1202 2326 1460 2386 paena,fimul

148 2395 196 2438 ὅτ.
225 2392 526 2437 condemnandi
552 2394 601 2435 ad
633 2392 930 2448 deponendum
962 2393 1005 2434 in
1023 2387 1157 2443 Capsa
1193 2400 1397 2443 quantum
1417 2397 1468 2426 ex

150 2453 337 2508 pecuniis
359 2450 508 2493 exactis
532 2452 600 2493 fibi
615 2450 859 2493 condixerit
879 2479 891 2489 .

88 2511 248 2554 lterum
271 2511 395 2552 rediit
408 2511 557 2551 Bertus
587 2510 636 2551 ad
654 2510 756 2550 hanc
773 2507 939 2550 Sacram
959 2501 1361 2562 Congregationem
1387 2513 1465 2558 pro

148 2568 416 2610 restitutione
433 2568 636 2608 librorum
656 2596 671 2616 ‚
702 2566 747 2608 ἃ,
767 2567 1116 2607 documentorum
1137 2576 1215 2618 pro
1234 2560 1472 2603 reddenda„

147 2625 313 2667 ratione
337 2655 349 2672 ‚
386 2626 711 2680 rescriptumque
726 2623 803 2664 fuit
823 2624 891 2666 sub
923 2623 988 2663 die
1010 2635 1073 2677 15.
1096 2619 1279 2676 januarii
1307 2619 1424 2673 1780.
1443 2630 1471 2652 =

152 2684 307 2728 citetur
333 2683 431 2723 Pars
447 2701 472 2720 =
491 2683 531 2725 vi
545 2685 659 2740 cujus
679 2684 719 2725 in
739 2679 1084 2726 Contradictorio
1108 2693 1248 2722 coram
1264 2691 1328 2720 me
1350 2675 1473 2718 habi-

279 2741 463 2783 Tom.LI.
1024 2739 1065 2781 D
1096 2750 1122 2782 ω
1432 2742 1481 2780 ῐΟ
