2002 2959
556 106 634 138 102
1043 89 1372 146 13.Jal„1'51782.·

492 157 580 196 Post
602 146 978 193 decenniumidem
996 148 1231 205 Epilcopus
1273 149 1459 191 Odoardi
1492 150 1533 188 in
1554 151 1641 191 afflu
1682 153 1723 194 S.
1760 152 1863 196 vifi-

553 207 719 251 tationis
754 206 918 260 Syndici
938 206 1147 245 ordinatio
1163 222 1254 247 nem
1275 207 1397 248 tacite
1435 208 1679 249 revocando
1701 214 1861 253 manda·

548 268 606 308 vit
629 295 641 311 ,
676 264 979 319 obligationem
1016 264 1253 305 servandam
1284 265 1360 307 effe
1394 279 1414 304 a
1443 267 1764 307 Trentacarlino
1795 285 1862 309 an-

547 338 604 365 no
631 334 747 376 1759.
781 322 1003 375 susceptam
1036 351 1048 368 ,
1075 336 1168 376 quoe
1205 322 1396 379 Episcopi
1424 323 1627 370 sententia
1648 354 1659 371 ,
1693 341 1785 366 cum
1819 326 1860 366 in

542 381 722 431 eiusdem
741 379 1048 419 Trentacarlini
1084 381 1375 434 cognitionem
1397 380 1622 422 devenisset
1651 410 1662 428 ‚
1695 381 1861 439 suppli-

542 454 631 481 cem
655 438 717 477 hic
745 436 924 491 praefato
945 437 1132 477 Antistiti
1168 439 1354 492 porrexit
1372 437 1551 480 libellum
1573 469 1586 488 ,
1605 440 1642 478 in
1662 455 1743 493 quo
1762 469 1775 487 ‚
1810 452 1856 482 ut
1921 464 1930 471 -

539 498 582 538 in
602 495 744 536 officio
768 495 1028 537 detineretur
1050 525 1061 542 ‚
1095 496 1319 536 ratihabuit
1337 497 1442 536 suam
1464 496 1765 549 obligationem
1786 513 1855 539 an·

537 555 581 595 ni
606 554 729 610 1758.
751 580 763 599 ‚
784 553 1071 608 promittendo
1092 566 1177 592 non
1198 553 1326 594 solum
1347 555 1384 593 se
1412 555 1662 594 traditurum
1683 557 1850 602 rubra„

541 627 635 667 quae
658 620 935 667 protempore
974 611 1193 665 praeterito
1230 625 1316 652 non
1337 611 1505 652 dederat
1521 641 1533 658 ‚
1552 611 1615 652 sed
1632 612 1752 653 etiam
1773 627 1859 666 pro-

542 681 735 724 tempore
753 667 896 708 futuro
917 667 1138 722 quotannis
1158 669 1406 709 traditurum
1423 667 1514 709 fore
1536 671 1706 710 rubrum
1725 683 1852 710 unum

541 729 590 768 ad
607 726 744 767 form-a
764 725 863 779 paffi
886 726 1275 781 conventi.Quibus
1294 725 1342 766 fic
1359 725 1855 781 compositisTrentacar-

546 785 653 825 linus
674 785 711 823 in
727 783 868 824 officio
888 783 1161 824 confirmatus
1182 783 1282 824 fuit.
1305 784 1546 824 Hodiernus
1563 784 1788 840 Episcopus
1809 786 1851 825 in

540 840 891 884 aetuVifitationis
911 854 1001 880 cum
1020 841 1562 895 comperiisset,praedi&um
1582 842 1853 882 Administra·

545 912 683 940 torem
702 899 781 940 suae
798 897 1005 939 reiteratae
1023 897 1260 954 obligationi
1281 899 1446 938 minime
1466 897 1691 939 satisfecisse
1711 898 1732 953 (
1749 902 1851 940 duo-

545 956 749 1010 devigimi
773 957 882 998 enim
904 968 1108 995 annorum
1147 954 1455 1015 spatioffinicum
1486 966 1648 996 tanturn
1680 956 1854 996 rubrum

542 1013 1025 1071 praestiterat)enmdem
1044 1013 1091 1053 ad
1109 1011 1279 1055 alioruin
1313 1012 1594 1070 septendecim
1628 1013 1854 1055 rubrorum

541 1071 809 1113 traditionem
829 1068 1072 1112 damnavit.

488 1129 556 1170 Ab
578 1130 653 1171 hoc
672 1129 866 1185 Episcopi
884 1129 1075 1169 Decreto
1099 1131 1307 1171 recursum
1343 1129 1485 1170 habuit
1501 1129 1850 1171 Trentacarlinus

543 1188 593 1227 ad
628 1187 730 1227 hanc
752 1187 841 1228 Sac.
862 1186 1250 1240 Congregationem
1272 1216 1285 1234 ‚
1315 1201 1409 1241 quae
1443 1188 1508 1228 <lie
1545 1201 1606 1241 ¹7·
1627 1188 1740 1233 Junii
1767 1203 1852 1229 αη-

539 1246 584 1285 ηἰ
606 1244 726 1298 1780.
748 1243 952 1299 rescripsit
972 1259 1000 1279 =
1019 1243 1209 1301 Epcfcopo
1220 1259 1296 1298 pro
1314 1245 1602 1288 informatione
1624 1274 1636 1292 ‚
1670 1245 1724 1288 ὅσ
1755 1255 1850 1286 voto

534 1302 754 1358 transmlffo
788 1302 1050 1355 Infit-umento
1074 1303 1333 1359 obligationis
1345 1316 1418 1357 per
1439 1302 1655 1343 'Oratorem
1690 1304 1851 1358 emiffie,

532 1361 730 1416 sententia
751 1358 1028 1415 ststzclicatorio
1062 1359 1299 1412 anni1762.
1325 1387 1338 1405 ,
1365 1359 1410 1403 dr
1429 1360 1649 1413 substecutz‘s
1669 1359 1851 1399 Decretis

533 1417 833 1472 Episcopalibus
849 1416 1012 1456 Auditis
1029 1433 1056 1452 =
1073 1417 1132 1456 Ex
1150 1415 1252 1456 hisce
1272 1418 1320 1455 ab
1341 1415 1549 1470 Episcopo
1573 1430 1653 1456 una
1673 1430 1764 1456 cum
1783 1418 1851 1458 sua

529 1471 831 1517 informatione
850 1470 1081 1516 transmiffis
1099 1503 1112 1522 ‚
1130 1472 1242 1530 quod
1265 1472 1451 1529 superius
1488 1477 1735 1515 narrabatur
1756 1473 1848 1514 satis

534 1542 697 1572 eruitur
716 1560 726 1571 .

472 1586 796 1645 Exemptionem
814 1588 851 1630 se
871 1589 1192 1632 consecuturum
1229 1592 1365 1647 sperat
1385 1590 1735 1632 Trentacarlinus
1759 1619 1771 1637 ,
1804 1605 1855 1633 ea

528 1661 577 1687 ex
595 1646 759 1689 ratione
780 1677 792 1695 ‚
828 1648 940 1702 quod
975 1649 1140 1690 incaute
1154 1649 1428 1705 obligationes
1449 1650 1496 1689 ab
1531 1648 1616 1703 ipso
1649 1649 1852 1703 suscePtae

523 1702 711 1752 fuerint,
741 1704 785 1746 &
806 1717 1015 1760 praeterea
1032 1706 1128 1761 quia
1168 1707 1251 1762 ipse
1274 1721 1359 1747 non
1396 1704 1526 1746 solum
1557 1707 1711 1746 nullum
1738 1721 1846 1758 prae-

521 1764 649 1802 mium
671 1761 848 1803 referret
868 1777 917 1803 ex
934 1777 1065 1820 opera
1084 1764 1146 1804 sua
1167 1794 1180 1813 ‚
1211 1766 1323 1819 quod
1343 1764 1560 1805 damnatur
1577 1778 1632 1806 ex
1653 1763 1846 1815 Constitu-

521 1821 629 1860 tione
648 1820 787 1861 Leonis
805 1820 860 1859 X.
882 1823 987 1863 inter
1004 1823 1272 1876 multiplices,
1305 1824 1371 1863 sed
1391 1823 1513 1864 etiam
1535 1821 1726 1862 damnum
1747 1822 1847 1861 sen-

529 1877 633 1918 tiret
654 1905 667 1924 ,
686 1877 729 1919 ἃ.
748 1890 825 1933 pro
845 1877 882 1917 se
899 1878 1068 1920 tandem
1089 1879 1240 1921 habere
1260 1879 1546 1934 Syndicatoris
1565 1879 1809 1919 sententiam
1828 1910 1841 1920 .

463 1934 535 1976 An
556 1948 659 1976 vero
681 1934 844 1976 incauta
863 1935 941 1976 dici
959 1936 1080 1992 poffit
1101 1937 1303 1993 obligatio
1325 1968 1338 1986 ,
1354 1938 1543 1992 adeoque
1559 1936 1847 1985 rescindenda,

521 2007 615 2047 quae
635 2007 654 2032 a
675 1992 768 2033 viro
791 1991 833 2034 ὅτ.
853 1993 983 2034 firmae
1002 1995 1134 2036 aetatis
1157 2025 1169 2043 ,
1202 1994 1538 2048 &judicii‚inita
1566 1993 1697 2036 fuerit
1722 2010 1735 2042 3
1769 1996 1840 2035 An

521 2049 758 2102 constitutio
776 2051 917 2091 Leonis
933 2053 988 2090 X.
1012 2051 1203 2106 respiciat
1239 2066 1311 2094 eos
1329 2052 1451 2092 etiam
1468 2082 1481 2100 ,
1499 2053 1567 2105 qui
1585 2051 1734 2092 favore
1760 2054 1844 2107 piae

515 2107 646 2148 causae
661 2104 854 2146 ulti-one&
877 2137 886 2152 ,
920 2106 965 2148 &
983 2107 1095 2148 nullo
1114 2107 1355 2164 impellente
1374 2107 1454 2150 sese
1474 2107 1779 2150 obstrinxerint
1791 2108 1840 2150 ad

513 2163 643 2219 gratis
657 2163 930 2217 praestandam
950 2178 1120 2220 operam
1140 2195 1153 2212 ‚
1187 2166 1252 2207 vel
1271 2167 1319 2207 ad
1337 2166 1492 2222 aliqui‘d
1512 2167 1635 2208 etiarn
1655 2167 1706 2207 de
1731 2180 1840 2221 pro-

513 2220 614 2277 prio
655 2218 803 2263 favore
839 2221 894 2275 pii
935 2224 1076 2277 operis
1119 2222 1388 2265 tribuendum
1417 2239 1429 2272 3
1477 2225 1582 2265 Haec
1619 2234 1740 2264 erunt
1794 2227 1845 2264 ab

515 2278 602 2319 EE.
632 2276 732 2318 VV.
760 2278 1030 2322 examinanda
1059 2295 1072 2329 ;
1125 2280 1476 2337 quemadmodum
1525 2279 1845 2338 expendendum

512 2338 595 2377 erit
615 2366 627 2382 ‚
657 2349 709 2376 an
747 2335 988 2389 syndicator
1005 2337 1153 2381 limites
1177 2340 1257 2379 suae
1271 2339 1551 2394 delegationis
1588 2335 1809 2382 excesserit
1828 2367 1845 2386 ‚

513 2392 560 2435 &
580 2407 629 2434 an
645 2392 842 2448 delegans
863 2394 1090 2453 Episcopus
1106 2396 1280 2440 decreto
1299 2396 1371 2438 suo
1390 2397 1567 2455 delegati
1591 2387 1847 2438 sentemffln

520 2464 735 2492 revocare
754 2463 879 2506 queat
901 2481 910 2492 .
1456 2483 1460 2488 -

463 2509 645 2552 Attendi
677 2510 906 2552 exadverso
940 2511 1070 2555 debet
1105 2523 1259 2555 tantam
1296 2527 1379 2555 non
1413 2511 1524 2554 fuisse
1541 2509 1851 2551 Trentacarlint

521 2565 728 2618 jaeturam
749 2581 797 2608 ex
818 2568 1014 2624 susceptis
1036 2570 1364 2627 obligationibus
1384 2600 1396 2618 ‚
1428 2582 1518 2609 cum
1538 2565 1608 2607 sibi
1646 2565 1757 2608 utilia
1771 2582 1849 2608 re·-

521 2626 757 2666 servaverit
774 2640 830 2667 ex
847 2629 1111 2669 naturalibus
1128 2630 1358 2685 augmentis
1380 2624 1671 2679 provenientia
1684 2654 1694 2664 .

462 2678 631 2720 Caetera
654 2682 857 2736 colligent
874 2685 956 2724 EE.
987 2686 1091 2725 VV.
1116 2686 1334 2737 exjuribus
1353 2683 1400 2722 ab
1422 2693 1592 2738 utraque
1614 2693 1731 2740 parte
1754 2681 1842 2721 cit·-

517 2735 796 2779 cumserendis
812 2770 826 2788 ‚
845 2741 994 2795 quibus
1016 2742 1110 2782 visis
1133 2741 1332 2783 definient
1349 2769 1358 2780 .
1723 2740 1791 2781 Aa

1995 1549 1998 1567 -
1994 1410 1998 1539 ...-ᾲ.,-
1980 323 1997 1396 ῳ--ῥ-Ἃ,--,ἆ.ὶ,--.-..--.--...-..,«,,ᾉ
1981 273 1982 276 „
