1981 2974
551 109 591 157 7.
612 99 764 157 Aprilis
787 100 915 156 1781'.·
1374 107 1428 162 ⁶3

110 159 254 217 quinta
269 158 373 201 ver'o
389 156 611 201 Dominica
640 159 681 199 in
712 158 846 213 aliquo
862 156 1010 200 Mense
1043 167 1335 211 occurrente,
1363 153 1430 205 al*-

112 218 338 260 ternatim:
372 216 557 259 Coeteris
578 229 715 260 autem
731 216 856 259 Festis
874 215 1148 274 unusquisque
1168 220 1282 262 canit
1301 220 1340 261 in
1362 226 1428 270 lua

112 275 370 319 hebdomada
389 307 398 317 .
1091 278 1095 281 *

54 335 125 379 Ast
146 333 302 374 Miffam
331 333 670 377 Conventualem
705 330 897 374 hacstenus
925 334 1171 391 applicatam
1201 350 1417 392 nunquam

113 391 226 434 fuiffe
261 405 342 448 pro
370 391 708 434 Benefaetoribus
740 390 949 445 cognovit
995 393 1322 447 vigilantiffimus
1355 397 1427 437 Pa·

113 450 292 492 triarcha
319 450 629 492 Alexandrinus
652 449 890 490 Franciscus
917 449 1073 490 Mattei
1091 450 1332 494 Canonicus
1352 455 1428 495 La-

114 507 337 549 teranenfis
360 507 440 563 qua
457 506 698 554 Praefestus,
715 506 759 549 ἃ.
776 505 1189 562 Visitatorpraefatae
1207 511 1424 559 Abbatiae;

114 568 258 624 Quare
281 567 469 608 decrevit
490 596 503 614 ,
535 576 582 607 ut
597 564 809 607 Canonici
846 564 953 606 infra
981 566 1085 606 duos
1119 568 1277 609 menses
1309 580 1425 624 pete-

113 635 211 665 rent
248 623 272 665 a
306 623 450 666 saneta
481 623 587 665 Sede
623 622 918 665 absolutionem
954 623 1089 677 quoad
1123 625 1423 679 praete1·itu1n;

115 681 201 736 quo
215 681 317 723 vero
331 683 377 724 ad
397 681 583 724 futurum
597 682 801 739 praecepit
818 694 907 722 eam
921 681 998 721 effe
1013 680 1300 736 applicandam
1320 699 1427 739 quo-

115 739 366 794 tiescumque
390 741 624 782 celebretur
642 769 652 780 .

57 797 413 854 Archipresbyter
447 810 586 840 tamen
614 796 754 840 renuit
790 797 1109 854 eamapplicare
1129 828 1142 846 ‚
1174 800 1267 854 quia
1286 799 1432 841 eidem.

117 856 317 902 incumbit
354 871 459 899 onus
489 856 626 898 Miffae
666 870 744 912 pro
772 857 966 911 Popul03
1014 857 1180 910 Reliqui
1215 857 1423 899 Canonici

115 913 360 971 praedictum
385 930 489 956 onus
508 929 622 969 aegre
640 913 782 954 ferunt
801 945 813 963 ‚
846 915 940 968 quia
971 914 1298 956 Praebendarum
1321 917 1428 956 redi-

116 986 180 1013 tus
199 971 247 1012 ad
265 985 494 1025 congruam
513 974 608 1012 scut.
629 985 698 1026 30.
729 972 796 1011 vix
816 1000 829 1018 ,
858 974 902 1013 ὄῑ,
921 986 971 1012 ne
995 971 1062 1012 vix
1081 974 1249 1025 quidem
1270 985 1429 1029 pertin·

117 1041 220 1085 gunt
237 1044 248 1078 ;
280 1030 448 1085 Insuper
469 1028 633 1082 singulae
652 1029 895 1069 Praebendae
913 1028 1098 1083 pluribus
1117 1030 1246 1072 Miffis
1281 1031 1424 1085 quoli-

120 1091 190 1128 bet
206 1084 620 1131 mensecelebrandis
637 1082 845 1125 obstrifiae
876 1085 968 1129 sunt
987 1098 1063 1139 pro
1085 1085 1250 1140 singulis
1272 1089 1433 1129 illarum

115 1142 423 1184 fundatoribus
446 1160 461 1190 ‚¹
484 1156 706 1198 ceramque
726 1140 922 1198 praestare
941 1143 1100 1183 debent
1131 1146 1179 1184 ad
1197 1143 1324 1186 sacras
1340 1147 1434 1188 Ca-

114 1201 312 1258 pitnlares
350 1201 600 1248 Funfiiones
638 1198 894 1256 peragendas
926 1215 937 1240 ε
967 1200 1153 1255 Ideoque
1189 1217 1267 1257 pro
1304 1217 1433 1245 revo-

118 1259 283 1304 catione
303 1258 487 1314 praediffl
507 1259 678 1300 Decreti
697 1288 711 1306 ‚
744 1257 810 1299 vel
828 1257 966 1300 saltem
996 1271 1074 1314 pro
1095 1259 1434 1314 dispensatione,

116 1317 350 1358 obtinenda
366 1316 576 1373 praediciae
590 1315 883 1373 applicationis
898 1347 912 1366 ,
945 1318 1097 1358 nedum
1115 1331 1195 1374 pro
1212 1319 1436 1362 absolutio-

117 1389 170 1416 ne
192 1376 345 1430 quoad
374 1376 610 1430 praeteritas
633 1373 867 1417 omiffiones
901 1374 1106 1431 supplices
1143 1376 1351 1420 accedunt
1385 1378 1436 1419 ad.

120 1433 230 1474 hunc
249 1432 550 1489 Ampliffimum
570 1432 779 1474 Ordinem
798 1463 816 1481 .,
843 1436 1061 1491 Quatenus
1074 1443 1211 1475 autem
1230 1434 1438 1488 hujusmo-

117 1492 157 1531 di
192 1491 342 1547 petitio
374 1489 828 1542 rejiciendavideatur
860 1491 1047 1535 Dubium
1067 1491 1202 1534 oritur
1222 1522 1234 1540 ,
1267 1507 1316 1533 an
1338 1525 1349 1540 ‚
1381 1493 1428 1534 ὅτ.

120 1549 340 1604 quomodo
359 1548 479 1590 dietae
499 1547 786 1606 applicationis
806 1547 852 1590 fit
871 1548 1170 1590 consulendum
1190 1578 1203 1597 ‚
1226 1551 1438 1603 quoordi-

121 1619 173 1647 ne
197 1637 209 1655 ‚
241 1607 285 1649 &
321 1621 396 1667 per
430 1619 535 1660 quos
559 1635 572 1654 ‚
598 1618 649 1646 an
683 1605 808 1647 etiarn
839 1605 1195 1660 Archipresbyter
1225 1607 1436 1664 applicare

121 1674 310 1710 teneatur
331 1695 341 1705 .
374 1664 497 1706 Nulla
517 1662 674 1719 quippe
693 1674 805 1705 extat
820 1664 950 1704 Massa
969 1663 1326 1714 distributionum3
1346 1665 1436 1706 Fal-

120 1720 264 1763 lentiae
282 1732 419 1763 autem
438 1753 448 1767 ‚
481 1722 507 1762 fi
527 1720 734 1777 quaesunt
754 1750 767 1768 ‚
801 1734 887 1762 non
907 1720 1243 1763 intereffentium
1264 1723 1436 1770 Chore,

121 1781 270 1836 vigore
288 1779 573 1836 ptaediaarum
590 1777 957 1820 Constitutionum
990 1807 1003 1826 ‚
1048 1778 1226 1821 Sacrarii
1261 1779 1435 1822 favore..

120 1838 482 1893 Archipresbyter
503 1866 516 1885 ‚
549 1836 594 1879 ἃ,
612 1835 820 1878 Canonici
842 1850 927 1878 non
952 1836 1245 1879 intereffentes
1275 1837 1433 1895 persol-

125 1908 229 1937 vunt
247 1923 258 1935 .
280 1897 557 1952 Quapropter
576 1893 833 1948 eleemosyna
848 1908 928 1950 pro
946 1894 1066 1935 Miffa
1080 1895 1370 1937 Convenruali
1389 1908 1441 1936 ex

123 1952 606 1995 Masta-distributionum
624 1981 636 2000 ,
666 1964 796 2008 prout
814 1952 903 1992 fieri
922 1951 1025 1993 solet
1041 1983 1051 1998 ,
1088 1953 1128 1994 in
1145 1954 1233 1994 casu
1251 1982 1264 2000 ‚
1281 1955 1331 1995 de
1352 1965 1439 2008 quo

128 2009 577 2067 agimusefierinequit3
606 2009 793 2067 Ideoque
822 2009 890 2054 vel
926 2009 1132 2052 Canonici
1166 2042 1179 2060 ‚
1209 2012 1252 2054 &
1287 2011 1441 2054 Archi-

127 2069 378 2122 presbyter,
410 2070 583 2125 quilibet
623 2081 700 2124 pro
731 2078 818 2110 rata
850 2099 863 2117 ,
905 2067 1181 2112 contribuere
1217 2070 1438 2111 debebunt:

131 2126 426 2180 eleemosynam
443 2142 524 2185 pro
540 2125 660 2168 Miffa
679 2126 964 2169 Conventuali
999 2158 1009 2172 ,
1047 2127 1146 2182 quin
1185 2128 1440 2183 ordosprae-

132 2183 308 2238 scriptus
326 2185 372 2224 ad
391 2188 575 2228 eamdem
591 2183 756 2227 Miffam
775 2199 870 2228 cum
886 2195 1012 2226 cantu
1050 2185 1342 2229 celebrandam
1380 2186 1443 2225 in-

131 2242 354 2290 novetur}
386 2244 571 2286 velordo
593 2243 818 2297 praedietus
836 2244 916 2285 erit
935 2244 1213 2286 immutandus
1233 2275 1245 2293 ,
1277 2259 1343 2284 ne
1362 2241 1443 2283 ali-

133 2299 202 2352 qui
223 2297 461 2347 canonici,
491 2301 537 2342 &
556 2302 788 2355 praeiertim
806 2300 1167 2357 Archipresbyter
1197 2333 1210 2349 ‚
1251 2299 1439 2356 graviori

133 2354 256 2409 quam
274 2356 419 2396 coeteri
440 2388 453 2406 ,
485 2370 905 2413 onere2praemantur
929 2387 948 2404 .,
989 2360 1159 2400 Revera
1188 2359 1285 2398 illud
1318 2359 1444 2397 etiam

133 2415 483 2469 perpendendum
519 2443 533 2460 ‚
595 2425 643 2453 an
677 2415 801 2466 justa,
835 2416 881 2458 ὅτ.
913 2415 1167 2456 rationabilis
1201 2413 1247 2454 fit
1278 2414 1441 2455 Archi-

133 2472 377 2529 presbyteri
410 2470 683 2526 repugnantia
711 2500 723 2518 ‚
769 2472 837 2525 qui
869 2472 966 2511 licet
1011 2470 1036 2511 si
1070 2474 1119 2514 de
1149 2472 1313 2527 gremio
1348 2470 1440 2512 Ca-

136 2528 299 2584 pituli,
343 2531 383 2570 in
421 2544 504 2585 quo
544 2528 768 2570 Canonicis
805 2529 1001 2571 omnibus
1037 2529 1267 2584 praecedit,
1306 2543 1446 2570 exem-

139 2597 258 2640 ptum
290 2587 328 2626 se
359 2598 476 2643 putat
509 2587 586 2629 effe
620 2586 642 2627 a
677 2585 854 2643 praefato
884 2600 1015 2628 onere
1033 2587 1323 2642 applicationis
1343 2587 1448 2626 Mis-

138 2644 189 2683 sae
220 2643 526 2692 Conventualis
559 2674 574 2699 2
605 2644 700 2701 quia
726 2644 889 2687 Missam
922 2659 1003 2701 pro
1036 2645 1195 2702 Populo
1233 2645 1444 2702 applicare,

142 2712 317 2743 tenetnr
336 2732 345 2742 .
