2002 2959
554 93 623 122 20.
643 80 805 137 Aprilis
826 81 947 135 1782.
1402 84 1451 125 61

143 137 380 178 ceduntur.
417 136 517 177 illud
554 150 689 179 tamen
724 138 865 180 sedulo
903 137 1133 180 advertitur
1170 166 1183 185 ‚
1214 147 1258 180 ut
1288 141 1453 195 quoties

143 197 264 237 datur
286 192 460 248 potestas
496 195 736 250 suscipiendi
760 196 945 239 Ordines
979 207 1097 239 extra
1117 207 1309 252 tempora
1328 227 1341 246 ,
1375 199 1455 240 de..

145 267 264 293 more
293 252 522 306 aimonium·
543 253 734 294 conditio
756 284 769 302 ,
786 252 897 310 quod
920 255 1224 296 Ordinationes
1250 257 1347 297 fiant
1365 256 1447 297 die-

144 312 216 351 bus
250 310 374 350 feliis
398 325 409 356 3
441 311 483 350 ἃ
504 309 543 350 in
562 312 907 366 Congregatione
943 311 1180 368 particulari
1206 314 1401 369 deputata
1435 329 1456 356 a

145 369 228 408 san.
250 383 367 407 mem.
390 368 638 410 Innocentio
670 370 759 410 Xll.
798 370 917 425 super
943 369 1232 410 moderatione
1270 371 1452 413 Indulto-

146 439 238 465 rum
254 425 478 481 recipendi
502 426 686 468 Ordines
707 436 822 467 extra
844 438 1007 482 tempus
1028 443 1046 467 a
1063 426 1152 477 jure
1168 426 1374 476 statutum,
1391 430 1453 469 in-

145 493 210 523 ter
230 483 303 523 alia
337 483 575 538 prefinitum
595 484 647 524 est
675 501 703 520 =
732 484 892 524 Indulta
911 486 1103 538 ρητιίὶέῖα
1136 499 1341 539 nunquam
1361 500 1453 527 con-

144 543 317 582 cedenda
345 556 417 596 pro
439 542 561 595 festis
592 541 728 582 diebus
757 543 960 583 continuis
980 571 990 587 ,
1015 542 1088 596 sed
1108 542 1264 596 semper
1282 556 1359 598 pro
1392 545 1453 583 in-

145 600 356 654 terpolatis
373 600 512 654 aliquo
533 600 721 653 temporis
734 597 860 653 spatio
878 598 1045 639 arbitrio
1064 597 1248 653 Episcopi
1261 600 1453 654 definien-

147 658 197 696 do
231 674 258 693 =
291 684 303 701 ,
337 657 544 712 Quodque
564 653 806 696 auftoritate
824 655 887 694 sua
905 655 1100 711 probavit
1124 654 1230 696 idem
1247 656 1453 700 Innocen-

147 713 226 754 tius
248 714 336 753 ΧΙΙ.
359 713 423 753 die
444 725 507 766 14.
528 711 774 754 Decembris
798 712 923 767 1693.

91 771 196 813 Non
231 784 309 811 una
344 769 439 811 olim
461 770 538 811 fuit
558 769 791 811 Dofiorum
810 771 956 825 opinio
987 769 1037 811 de
1071 768 1178 812 festis
1205 771 1348 814 diebus
1368 803 1380 821 ‚
1410 771 1452 813 in

143 829 291 884 quibus
321 826 506 870 Ordines
525 827 713 878 Maiores
744 843 793 869 ex
827 828 1074 886 Apostolico
1108 829 1273 871 Indulto
1310 841 1454 871 extra„

144 899 337 943 tempora
356 885 543 927 conferri
566 886 738 936 liceret3
765 887 864 927 Non
888 888 1005 943 pauci
1038 886 1295 929 asseruerunt
1314 887 1450 928 Festos

145 945 232 986 dies
252 957 331 1000 pro
352 943 574 985 collatione
591 944 815 986 Sacrorum
837 944 1048 985 Ordinum
1085 945 1161 985 effe
1194 960 1244 988 ne
1278 947 1373 986 dum
1409 945 1455 984 il-

145 1002 207 1044 los
226 1031 238 1051 ‚
274 1002 316 1042 in
339 1001 485 1054 quibus
507 1002 576 1042 sub
599 1014 816 1059 praecepto
854 1001 907 1043 est
941 1001 1228 1043 abstinendum
1247 1003 1296 1044 ab
1317 1002 1455 1059 operi-

146 1060 223 1101 bus
256 1059 466 1101 servilibus
488 1089 499 1107 ‚
531 1061 596 1100 sed
616 1061 735 1101 etiam
754 1060 852 1101 aiios
876 1089 888 1106 ,
925 1060 995 1112 qui
1028 1059 1096 1100 sub
1119 1059 1199 1101 ritu
1220 1061 1374 1117 duplici
1406 1061 1455 1101 ab

144 1116 324 1159 Ecclesia
345 1118 609 1159 celebrantur
629 1134 640 1168 3
661 1117 743 1159 Alii
764 1117 868 1159 vero
889 1117 1144 1158 affirmarunt
1168 1116 1319 1159 festivis
1338 1119 1454 1159 dum-

143 1186 254 1217 taxat
271 1174 415 1216 diebus
435 1205 446 1223 ‚
467 1176 576 1230 quia
595 1177 752 1231 Populo
772 1178 821 1215 de
842 1187 1060 1230 praecepto
1082 1176 1300 1217 servantur
1323 1176 1454 1216 Ordi-

143 1246 243 1274 num
263 1232 476 1284 Major-um
514 1232 756 1275 collationes
788 1234 876 1274 fieri
909 1233 1034 1275 licere
1061 1263 1074 1281 ,
1109 1233 1153 1274 ἃ,
1176 1235 1275 1276 hane
1294 1235 1458 1275 senten·

142 1292 240 1333 tiam
259 1291 433 1332 secutam
456 1289 567 1332 fuifle
598 1290 688 1332 Sac.
711 1291 1100 1347 Congregationem
1134 1303 1277 1334 tuetur
1296 1293 1459 1349 fagna-

144 1351 279 1390 ausin
296 1362 382 1404 cap.
413 1350 474 1391 De
486 1365 529 1390 eo
549 1352 597 1390 de
614 1360 731 1403 temp.
751 1351 926 1391 ordinat.
947 1365 1059 1391 num.
1080 1364 1150 1405 42·
1174 1380 1186 1398 ‚
1218 1351 1286 1391 ubi
1305 1351 1454 1397 refert,

146 1406 259 1462 quod
295 1406 457 1446 duobus
486 1406 637 1447 Dubiis
668 1406 717 1446 sic
752 1407 970 1462 conceptis
1010 1409 1040 1447 Ι.
1072 1425 1100 1445 ;-
1131 1409 1413 1464 Praesuppofito
1439 1436 1453 1455 ,

143 1467 257 1522 quod
276 1465 460 1505 Minores
476 1464 644 1505 Ordines
658 1463 816 1520 poffunt
832 1465 1006 1518 conferri
1036 1466 1174 1507 diebus
1200 1467 1427 1507 Dominicis
1440 1493 1454 1513 ,

143 1523 324 1565 autaliis
351 1521 497 1576 festivis
511 1521 717 1563 dubitatur
736 1536 811 1568 ,an
833 1522 1096 1577 appellatione
1109 1525 1189 1564 diei
1203 1521 1299 1576 festi
1333 1537 1453 1564 com-

139 1582 423 1638 praelzenclatur
452 1579 605 1628 Festum
627 1608 640 1625 ‚
673 1579 711 1618 in
732 1594 811 1636 quo
829 1580 878 1620 ab
896 1579 1133 1635 Ecclefiafic
1152 1579 1334 1634 Officium
1359 1608 1372 1625 ‚
1400 1595 1455 1621 an

147 1640 240 1680 vero
255 1639 395 1680 debeat
412 1638 483 1694 effe
495 1636 648 1694 Festum
668 1665 681 1683 ,
718 1638 828 1692 quod
855 1653 878 1677 a
901 1638 1052 1692 Populo
1070 1639 1228 1679 colatur
1255 1636 1305 1676 ll.
1343 1637 1451 1679 Idem

144 1697 196 1750 est
211 1697 386 1738 Dubium
417 1699 553 1752 quoad
579 1695 874 1749 promovendos
892 1696 1030 1751 vigore
1047 1695 1384 1752 dispensationum
1401 1697 1452 1737 de

139 1755 414 1810 promovendo
450 1764 566 1794 extra
588 1761 762 1806 tempora
798 1753 936 1794 diebus
956 1751 1072 1807 festis
1101 1769 1129 1790 =
1161 1751 1457 1807 Responsum..

147 1811 225 1852 suit
257 1829 283 1848 =
314 1811 567 1866 Aclprc‘mum
589 1840 602 1858 ‚
634 1810 915 1865 &secundum
941 1810 1033 1852 sac.
1054 1809 1256 1865 Congreg.
1283 1810 1456 1852 Concilii

150 1871 297 1927 censuit
313 1870 602 1923 compraehendi
619 1866 834 1922 diesfestos
853 1899 863 1913 ‚
891 1870 965 1924 qui
979 1883 1002 1909 a
1022 1868 1172 1923 Populo
1193 1869 1453 1923 seruantur:

92 1926 133 1967 Id
155 1927 275 1969 etiam
296 1924 679 1974 confi1·matumfuit
700 1925 741 1965 in
763 1924 1121 1981 Caesaraugustam
1143 1955 1157 1973 ,
1186 1924 1227 1965 in
1261 1940 1339 1980 qua
1360 1939 1455 1966 cum

148 1983 499 2041 Archiepiscopus
534 1983 709 2041 petiiffet
742 1983 939 2025 declarari
969 2001 997 2021 =
1028 1984 1070 2024 In
1103 1982 1458 2040 dispensationibus

146 2045 195 2083 de
204 2045 482 2096 promovendis
501 2053 617 2084 extra
636 2052 810 2096 tempora
827 2042 964 2084 diebus
968 2040 1140 2094 festivis,
1156 2057 1208 2083 an
1231 2043 1286 2082 ad
1302 2054 1457 2087 omneS,

148 2102 266 2141 etiam
300 2100 442 2142 Sacros
463 2130 475 2148 ,
507 2102 552 2147 dy-
580 2100 868 2142 Presbiteratus
903 2100 1071 2141 Ordines
1095 2098 1240 2156 poffint
1267 2098 1329 2149 isti
1356 2099 1458 2140 tales

144 2160 373 2213 promoveri
400 2158 573 2213 quolibet
589 2160 654 2200 die
669 2157 819 2208 Festino
841 2188 853 2205 ‚
878 2160 928 2199 de
943 2173 1022 2214 quo
1040 2159 1080 2198 in
1103 2156 1274 2211 Ecclesia
1298 2155 1357 2211 fit
1372 2156 1459 2212 offi-

148 2218 252 2257 cium
276 2245 288 2262 ,
320 2230 372 2256 an
398 2215 489 2256 verb
517 2216 656 2256 debeat
673 2215 745 2270 effe
751 2215 921 2270 festivus
940 2231 963 2256 a
983 2215 1133 2269 Populo
1166 2215 1358 2256 colendus
1388 2229 1416 2250 =
1446 2241 1459 2260 ‚

150 2274 240 2315 Sac.
261 2274 478 2326 Congrcg.
518 2273 729 2327 respondit
759 2288 787 2308 =
816 2274 995 2330 Intelligi
1025 2282 1208 2325 oportere
1237 2273 1288 2311 de
1320 2270 1457 2311 diebus

146 2332 253 2387 festis
273 2361 285 2378 ‚
312 2332 381 2387 qui
398 2346 419 2370 a
437 2329 586 2384 Populo
606 2329 793 2371 coluntur
812 2330 882 2370 lib,
904 2343 946 2383 3.
971 2331 1226 2384 decret.pctg.
1244 2340 1311 2382 79.
1332 2342 1360 2362 =
1383 2341 1393 2373 3
1415 2326 1460 2367 ὅτ.

140 2381 192 2429 *in
210 2389 391 2431 Brixien.
415 2385 635 2443 proposito
669 2384 811 2425 Dubio
842 2403 870 2422 =
903 2387 966 2426 An
995 2385 1134 2425 diebus
1151 2383 1264 2437 festis
1290 2383 1460 2437 duplici·

151 2448 224 2488 bus
244 2477 256 2494 ‚
294 2462 373 2488 non
392 2456 521 2486 tamen
538 2446 787 2497 clepraecepto
799 2441 941 2496 poffinc
961 2443 1128 2484 Ordines
1146 2441 1266 2483 Sacri
1283 2439 1458 2493 conferri

149 2506 382 2546 habentibus
413 2504 538 2544 Breve
553 2501 854 2557 alispenfittionis
886 2500 1124 2555 Apolt'olicae
1140 2499 1261 2554 super
1291 2497 1459 2553 intetsti·

149 2566 216 2605 tiis
237 2593 249 2609 ‚
283 2565 342 2604 vel
360 2572 476 2604 extra
498 2570 668 2615 tempora
703 2573 730 2593 =
759 2556 840 2597 Die
866 2569 928 2612 15.
950 2555 1129 2611 januarii
1155 2558 1278 2611 1689.
1300 2556 1458 2611 prodiit

153 2621 350 2662 resolutio
384 2637 405 2659 τ.
440 2619 668 2675 Negotiis-⁶³,
690 2616 764 2671 sed
777 2617 935 2658 tantum
964 2616 1101 2658 diebus
1105 2613 1220 2669 festis
1255 2616 1460 2669 depraece-

149 2693 244 2737 pto:
276 2679 343 2720 lib.
364 2691 433 2734 39.
452 2679 594 2718 decret.
618 2688 716 2729 pag.
738 2686 818 2731 27..
1351 2729 1382 2769 P

1386 2740 1462 2768 er-
