2008 2964
614 134 677 175 16.
694 133 811 181 Iunii
833 140 957 192 ¹73¹ss
1435 170 1487 213 99

171 181 409 228 Doetorum
428 187 575 230 Schola
596 220 609 239 ,
642 194 692 234 de
729 209 808 250 qua
842 198 938 240 Olea
967 199 1016 241 de
1049 201 1200 256 cefflon.
1234 206 1321 253 Iar.
1342 211 1404 252 tit.
1437 228 1480 269 4.

174 243 309 297 quaeli.
323 258 356 283 1.
376 260 484 286 actm.
498 261 559 302 17.

109 295 193 340 fflis
216 299 358 355 positis
381 331 394 350 ,
428 304 562 347 Maria
579 306 938 367 Therefiaprobat
954 343 966 361 ‚
996 317 1175 362 Mariam
1192 323 1358 367 Annam
1374 330 1482 372 Bon-

174 359 395 413 compagni
419 362 601 404 Matrem
621 365 727 407 suam
761 383 872 410 anno
898 386 1020 428 1715.
1059 378 1229 434 nupliffe
1265 384 1483 431 francisco

168 415 324 457 Mariae
349 418 562 463 Malatesta
581 423 812 466 Testatoris
833 428 935 475 filio,
956 433 1180 477 constituta
1200 441 1313 482 Dote
1331 444 1370 485 in
1391 445 1477 489 scu-

164 473 218 514 tis
239 474 418 518 sexmille
439 479 664 523 ‚nimirum
698 496 777 536 pro
806 498 894 527 rata
932 489 1143 532 scutorum
1178 496 1405 542 bismillium
1436 504 1479 545 in

159 541 231 571 tot
248 532 374 573 Bonis
396 534 599 577 stabilibus
618 567 630 586 ,
666 538 709 580 <Sc
728 555 808 595 pro
831 544 1016 588 residuali
1043 561 1127 591 rata
1154 551 1361 597 scutorum
1383 575 1479 614 qua-

161 590 436 634 tuormillium
469 593 510 635 in
543 606 610 636 tot
648 596 848 642 Censibus
871 631 883 649 ,
915 604 1178 663 Creditilque
1216 610 1442 662 fruetiferis
1462 649 1478 666 ‚

158 645 322 698 adjecto
352 651 471 705 pae’to
486 681 499 699 ,
530 653 642 707 quod
670 654 730 695 his
747 655 769 696 a
787 659 1062 705 Debitoribus
1084 666 1278 711 restitutis
1298 700 1310 718 ,
1327 674 1393 714 vel
1413 677 1476 717 so-

157 702 258 745 lutis
279 736 292 752 ‚
315 711 506 761 pecuniae
526 711 656 753 effent
675 713 715 753 in
734 714 839 757 AEde
859 718 982 761 Sacra
1003 722 1168 766 Pietatis
1189 729 1474 783 deponendae,

154 774 205 802 ac
226 763 548 808 reinvestiendae
567 782 659 811 cum
676 770 847 814 vinculo
866 776 991 819 Dotis
1019 781 1057 822 in
1091 793 1154 823 tot
1190 785 1310 828 Locis
1330 790 1476 831 Mon-

153 818 261 860 tium
280 820 557 866 Cameralium
580 857 589 872 ‚
607 826 652 869 &
672 843 760 871 non
782 832 1038 878 Vacabilium
1061 869 1072 886 ,
1104 841 1168 881 vel
1188 843 1227 884 in
1249 845 1472 898 Cenfibus,

149 876 220 916 vel
238 895 266 914 =
293 881 468 936 erogarst
499 885 540 924 in
558 884 767 943 eftir13iorze
783 892 831 933 de
851 893 989 936 Debita*
1005 902 1232 948 anteriori,
1267 919 1288 944 e
1307 909 1471 960 po3ior2

148 935 258 976 della
280 937 380 993 Cosa
397 941 440 979 <ii
449 941 556 981 detto
573 943 725 999 Signor
741 947 956 1007 Francesco
974 955 1114 996 Maria
1132 959 1171 1011 fe
1188 974 1234 1000 ve
1254 976 1303 1002 ne
1333 965 1470 1013 faran-

146 1006 202 1032 no
221 1021 233 1039 ,
260 1008 282 1033 e
298 997 524 1048 rc‘portczrtze
542 999 581 1039 la
601 1000 764 1053 ceffi'one
781 1008 883 1048 delle
915 1015 1108 1068 raggiom'
1135 1019 1346 1060 traslative
1367 1051 1378 1067 ,
1410 1040 1461 1065 e..

147 1064 231 1089 ηοη
264 1051 643 1104 estintivec'zfavore
672 1062 716 1099 cli
744 1064 850 1104 cletta
882 1067 1058 1122 Signora
1087 1073 1230 1114 ἰἉαΓία
1261 1077 1410 1127 Anna,
1442 1095 1466 1122 e

147 1105 237 1155 suoi
250 1136 263 1154 ,
283 1123 305 1148 e
323 1123 404 1149 non
422 1110 645 1154 altrimenti
661 1116 743 1160 &c-

83 1158 241 1204 Probat
259 1164 426 1222 insuper
448 1199 461 1217 ,
487 1170 719 1218 Debitores
740 1177 867 1223 Dotis
901 1182 943 1225 in
980 1186 1130 1230 summa
1152 1190 1307 1234 scutor.
1328 1207 1462 1250 4000.

146 1236 294 1263 eorum
312 1224 470 1269 solviffe
489 1228 691 1274 Debitum
712 1250 792 1291 pro
814 1251 899 1282 rata
919 1243 1130 1288 scutorum
1149 1263 1274 1305 3700.
1300 1281 1311 1300 ‚
1336 1271 1463 1309 pecu-

137 1279 309 1336 niasque
328 1283 473 1333 fuisse,
507 1288 608 1330 utin
632 1291 745 1336 dictis
782 1299 1034 1354 nuptialibus
1069 1307 1241 1352 Tabulis
1272 1312 1465 1366 paetuim

133 1336 275 1381 -fuerat
296 1369 309 1387 ‚
344 1341 546 1399 depofitas
563 1346 603 1388 in
621 1348 728 1393 AEde
752 1353 877 1398 Sacra
899 1360 1066 1404 Pietatis
1087 1379 1179 1406 cum
1210 1368 1300 1424 lege
1319 1385 1384 1413 eas
1402 1373 1464 1414 in-

138 1396 343 1440 vestiendi
366 1432 376 1447 ,
414 1404 480 1444 vel
498 1409 698 1461 erogandi
717 1410 758 1452 in
779 1413 1053 1461 dimiffionem
1073 1422 1346 1469 Creditorum
1381 1445 1463 1471 an·-

136 1456 352 1498 teriorum
372 1460 534 1505 Domus
555 1465 787 1511 Malatestae
821 1472 860 1513 in
894 1478 1088 1520 omnibus
1110 1510 1122 1528 ,
1159 1484 1203 1524 &
1225 1500 1300 1540 per
1319 1491 1461 1533 omnia

136 1514 188 1553 ad
220 1512 394 1558 formam
427 1520 531 1575 pacti
553 1523 591 1562 in
612 1524 750 1567 iisdem
786 1531 1038 1585 nuptialibus
1064 1539 1237 1581 Tabulis
1270 1549 1459 1599 expresse

137 1575 375 1615 conventi.
408 1578 598 1635 Itemque
629 1585 781 1636 probat
810 1617 824 1634 ,
858 1592 1042 1633 eamdem
1078 1596 1256 1639 Mariam
1286 1599 1455 1645 Annam

134 1628 458 1690 Boncompagni
480 1638 619 1692 plures
640 1641 825 1685 Ordines
848 1649 1010 1691 traxifle
1029 1651 1123 1693 AEdi
1145 1654 1283 1698 Sacrae
1302 1672 1381 1713 pro
1400 1660 1459 1701 di-

134 1686 353 1730 mittendis
389 1706 438 1732 ex
461 1694 537 1736 suis
558 1697 757 1753 depositis
792 1707 982 1757 pecuniis
1005 1708 1304 1756 Creditoribus
1330 1717 1457 1770 Joan-

134 1744 200 1784 nis
215 1747 680 1796 FrancisciFundatoris
709 1758 845 1802 animo
880 1762 919 1801 in
940 1763 1078 1807 iisdem
1111 1770 1348 1816 Ordinibus
1385 1791 1458 1819 ex-

130 1803 271 1858 presso
293 1810 537 1862 reportandi
558 1813 606 1853 ab
627 1813 702 1857 illis
722 1831 867 1859 eorum
884 1819 1037 1871 jurium
1058 1825 1281 1871 ceffionem
1302 1861 1315 1879 ‚
1348 1832 1392 1874 ἃ.
1409 1834 1472 1891 ἰιι1

129 1873 280 1903 eorum
299 1867 601 1913 anterioritatis
620 1901 633 1919 ,
666 1872 710 1914 ἃ.
730 1875 987 1930 potioritatis
1022 1882 1112 1935 jura
1133 1886 1453 1943 subingredien-

130 1918 171 1958 di
191 1946 201 1958 .
233 1921 500 1980 Demumque
519 1932 671 1983 probat
691 1960 704 1978 ‚
738 1936 931 1989 pecunias
965 1938 1005 1980 in
1036 1944 1245 1996 praedictis
1279 1948 1453 1992 Ordini-

130 1975 205 2015 bus
225 1991 445 2024 contentas
466 1985 765 2033 creditoribus
787 1990 935 2037 revera
952 1995 1066 2040 fuiffe
1092 2002 1238 2044 solutas
1261 2033 1271 2044 .

68 2024 236 2081 Quibus
254 2040 440 2090 probatis
461 2044 686 2100 Requifitis
705 2077 718 2095 .
752 2053 941 2106 regulare
963 2056 1017 2096 est
1040 2088 1053 2106 ,
1087 2059 1267 2102 Mariam
1286 2063 1453 2108 Annam

129 2092 450 2153 Boncompagni
476 2100 710 2157 solventem
731 2107 1025 2167 subingreflam
1054 2115 1170 2160 fuiffe
1202 2119 1374 2174 injura,
1409 2123 1456 2166 &

129 2148 388 2205 hypothecas
405 2157 680 2206 Creditorum
715 2168 939 2226 peripsam
958 2172 1212 2217 dimissorum
1248 2193 1296 2221 ex
1319 2179 1455 2223 firma-

126 2206 180 2247 tis
203 2223 277 2262 per
296 2210 434 2254 Oleam
453 2219 503 2257 de
518 2221 705 2276 ceff-jur.
727 2227 789 2268 tit,
807 2239 851 2281 4.
883 2231 1016 2285 quaest.
1038 2234 1157 2290 usal)
1175 2237 1268 2278 diez.
1284 2252 1351 2278 nu.
1366 2253 1452 2293 ¹7·-

61 2264 70 2271 '
125 2262 171 2305 ἃ,
187 2266 281 2307 Rot.
303 2283 438 2310 coram
463 2274 612 2316 Tartar.
646 2282 761 2335 decc]
786 2299 879 2340 ¹¹9·
897 2302 1008 2328 num.
1037 2303 1098 2329 10.
1122 2320 1132 2329 .
1165 2294 1448 2348 Quemadmo-

123 2322 223 2363 dum
242 2324 354 2365 enim
376 2327 624 2375 Creditores
640 2337 812 2388 Jo‘annis
844 2344 1046 2388 Francisci
1070 2347 1287 2390 malatesta
1303 2382 1312 2396 ‚
1348 2365 1447 2405 qua·

122 2390 247 2422 tenus
269 2382 410 2424 dimiffi
427 2399 511 2428 non
533 2387 698 2434 fuissent
719 2423 732 2441 .
766 2399 959 2450 praeferri
979 2403 1182 2444 deberent
1207 2406 1283 2460 piis
1320 2407 1449 2464 Lega·

123 2437 176 2478 tis
203 2440 252 2480 ab
274 2441 422 2483 eodem
439 2444 602 2496 Joanne
622 2450 841 2494 Francisco
861 2456 1068 2500 Debitore
1099 2461 1320 2516 posteriori
1341 2477 1444 2507 tem·

121 2509 229 2550 pore
251 2499 401 2541 reliffls
419 2531 431 2549 ,
451 2503 506 2545 ita
524 2506 669 2548 eadem
691 2511 884 2563 praelatio
906 2514 983 2556 uua
1002 2530 1094 2557 cum
1118 2519 1333 2561 Bonorum
1356 2523 1438 2565 hae·

118 2554 417 2600 redit'ariorum
439 2562 680 2615 poffeffione
701 2581 947 2624 competere
968 2574 1133 2616 videtur
1153 2576 1303 2619 Mariae
1321 2581 1438 2621 The-

117 2611 236 2652 refiae
266 2627 316 2654 ex
338 2615 496 2664 iuribus
515 2621 650 2675 Mat-ie
672 2624 811 2668 Annae
831 2629 981 2671 Matr-is
997 2661 1009 2679 ‚
1042 2648 1135 2688 quae
1158 2634 1196 2673 in
1218 2635 1351 2676 locum
1377 2640 1439 2679 di·

116 2667 280 2710 &torum
311 2671 591 2772 {reditorum
621 2682 873 2728 dimifforum
899 2689 1140 2735 suecefferas
1171 2692 1221 2735 ad
1254 2695 1429 2763 Tea-tuen

185 2729 302 2770 Tom.
350 2759 360 2770 .
1393 2770 1439 2796 m

839 2772 937 2815 Nz
