2002 2959
614 119 799 175 13.J0m
825 120 948 172 1782:
1382 131 1457 174 *299

153 194 244 222 cum
264 180 347 221 aliis
366 178 523 220 duobus
546 177 776 220 Canonicis
792 177 921 219 adhuc
943 175 1075 234 petito
1094 175 1254 217 indulto
1270 176 1449 225 obstare,

155 238 209 282 ὃς
229 238 379 279 addidit
401 236 662 278 Canonicuin
683 237 895 278 florentia
912 234 1176 290 quadraginta
1200 264 1213 282 ,
1244 235 1288 277 &
1320 235 1455 278 ultra..

153 309 357 337 annorum
377 293 545 349 spatio(
576 306 626 335 eo
660 305 795 335 tamen
816 295 986 347 dempto
1018 291 1225 333 decennio
1245 325 1258 342 ‚
1290 293 1331 333 in
1369 307 1455 347 quo

154 353 318 394 coafius
336 353 413 394 fuit
435 353 594 392 Orator
615 351 744 393 abesse
764 354 812 390 ab
835 349 1011 391 Ecclesia
1031 350 1094 390 sua
1113 349 1134 406 )
1153 349 1354 392 laudabile
1377 352 1453 392 ser-

153 410 299 460 vitium
322 408 512 451 Ecclesiae
528 410 606 450 suae
626 408 851 465 praestitiffe
876 408 1037 461 hocque
1058 407 1143 447 satis
1163 409 1350 450 constare
1367 423 1452 450 non

156 468 283 509 solum
309 483 356 509 ex
377 465 716 508 Pun&aturaruin
734 465 896 510 Libris,
930 464 996 504 sed
1030 463 1151 504 etiam
1185 478 1233 505 ex
1274 465 1458 521 plurium

161 526 481 568 canonicorum
512 522 774 579 depositione
798 552 807 561 .
840 524 900 562 Ita
918 520 1012 561 dein
1037 523 1250 564 concludit
1270 553 1279 563 .

102 585 282 642 ltaque-e
299 583 572 640 conspecsfutot
607 580 775 631 Tefiium
798 607 810 625 ‚
839 592 893 620 ex
919 578 1062 634 quibus
1095 581 1248 622 eruitur
1271 581 1456 638 probatio

161 642 376 685 laudabilis
386 641 545 694 servitii
565 637 742 690 Ecclesiae
752 638 801 677 ab
825 637 994 678 Oratore
1006 636 1173 692 proestz'ti
1189 668 1200 685 ,
1219 652 1347 695 eoque
1372 654 1459 679 ma-

159 703 227 761 gis
243 697 392 741 ottenta
410 697 646 753 probatione
658 694 858 750 desumpta
875 708 929 735 ex
945 693 1055 734 libris
1088 696 1425 738 funeraturarum
1448 725 1462 743 ‚

164 761 320 802 videtur
328 756 490 811 penitus
528 753 752 809 evanescere
784 750 968 808 oppositio
1000 752 1336 811 Archipresbyteri
1371 783 1383 801 ‚
1421 754 1466 800 ὺ-

161 818 335 859 aliorum
353 810 519 855 duorum
543 809 835 853 Canonicorum
853 812 1069 852 dumtaxat
1089 841 1101 858 ‚
1120 809 1299 864 fundata
1319 814 1358 855 in
1371 825 1465 868 pro-

153 874 249 931 pria
267 871 475 930 offertione
493 899 506 917 ,
533 883 595 911 om
603 871 722 926 alque
731 869 968 924 probatione
979 871 1140 925 penitus
1159 870 1342 924 destitute
1360 898 1372 916 ,
1398 883 1463 910 ea-

160 945 240 990 que
248 937 412 985 propter
427 927 587 980 constito
596 925 686 980 jam
711 930 758 969 cle
776 926 970 968 laudabili
975 928 1140 984 servitio
1178 927 1359 985 Ecclefiae
1391 940 1464 969 nec

162 1003 246 1030 non
265 988 536 1044 desenecffitte,
556 1000 604 1027 ac
636 988 684 1026 de
702 987 804 1026 mala
833 985 1056 1026 valetudine
1074 985 1275 1034 oratoris,
1289 986 1401 1043 effem
1418 987 1463 1026 ἱη

161 1046 269 1103 [ensa
285 1057 329 1087 ut
344 1043 506 1088 concedi
508 1042 786 1099 poffitOratori
792 1043 983 1099 petitum]
987 1044 1215 1085 ubilationis
1229 1045 1465 1086 indultumss

159 1102 391 1146 Laudabilis
421 1101 459 1142 in
482 1102 553 1142 hac
570 1101 658 1144 sac.
682 1099 1022 1156 Congregatione
1043 1101 1221 1143 invaluit
1246 1103 1476 1144 consuetu-

160 1162 219 1203 do
240 1189 253 1208 ,
280 1170 324 1200 ut
344 1159 569 1201 Canonicis
589 1187 601 1205 ,
631 1158 699 1212 qui
719 1173 925 1199 annorum
945 1161 1217 1216 quadraginta
1239 1160 1367 1216 spatio
1389 1160 1471 1200 lau·

161 1218 295 1261 dabile
325 1215 515 1259 Ecclefiae
542 1217 620 1256 suae
664 1216 873 1257 servitium
909 1217 1178 1272 praestiterint
1214 1249 1227 1267 ‚
1275 1216 1472 1272 jubilatio

163 1276 423 1319 concedatur
440 1303 451 1314 .
473 1273 570 1314 Ullo
596 1273 720 1328 igitur
743 1274 889 1327 absque
908 1275 1093 1329 examine
1127 1275 1391 1328 jubilationis
1420 1276 1477 1314 in-

163 1334 325 1375 dultum
339 1331 653 1374 concedendum
672 1331 978 1373 effevideretur
997 1333 1218 1375 Canonico
1238 1333 1446 1375 Florentia
1462 1361 1477 1381 ,

165 1391 235 1448 qui
269 1389 459 1432 Ecclefiae
478 1391 557 1430 suae
591 1389 639 1428 ab
676 1403 785 1429 anno
820 1389 943 1444 1736.
980 1390 1238 1434 laudabiliter
1267 1392 1439 1433 inservit
1461 1421 1477 1438 ,

165 1459 297 1506 prout
327 1448 368 1488 in
395 1445 566 1487 secunda
586 1447 665 1498 ⁸:sua
696 1445 993 1489 informatione
1027 1449 1245 1505 perspicue
1287 1448 1473 1503 explicat

166 1505 499 1563 comprobatque
519 1501 757 1545 Narnienfis
775 1503 956 1545 Antistes
974 1535 985 1545 .

110 1563 222 1609 Rem
240 1577 345 1606 vero
373 1562 599 1618 ambiguam
618 1560 754 1616 aliquo
773 1562 896 1603 modo
917 1562 1092 1604 reddere
1121 1562 1289 1604 videtur
1316 1574 1480 1615 tempus

171 1621 379 1679 quoddam
408 1619 686 1674 interruptum
707 1648 719 1666 ‚
746 1619 787 1659 in
815 1632 898 1675 quo
925 1619 1118 1662 Ecclesiae
1152 1619 1364 1676 praedi8tae
1400 1619 1484 1660 Ca-

172 1679 351 1721 nonicus
374 1677 570 1719 inservire
592 1689 678 1717 non
708 1677 844 1732 potuit
866 1692 878 1726 3
910 1677 1036 1734 Quod
1059 1678 1152 1718 licet
1173 1692 1192 1718 a
1214 1677 1375 1718 laudato
1394 1677 1482 1717 An-

173 1738 299 1778 tistite
315 1737 511 1777 innuatur
532 1765 545 1783 ‚
565 1735 776 1788 quomodo
799 1747 934 1776 tamen
954 1733 1101 1775 fa8tum
1124 1737 1162 1776 id
1182 1733 1307 1776 fuerit
1333 1764 1345 1782 ‚
1364 1733 1483 1788 quid-

172 1809 253 1850 que
271 1794 368 1834 inde
382 1791 577 1834 acciderit
606 1791 913 1846 Sapientiffimis
934 1793 1014 1832 EE.
1037 1792 1135 1833 VV.
1175 1792 1304 1835 oculis
1327 1791 1367 1832 in
1405 1792 1480 1833 hac

177 1851 306 1893 causae
325 1851 457 1907 specie
478 1848 772 1891 subiiciendum
790 1849 866 1891 esse
903 1850 1069 1892 videtur
1088 1881 1098 1890 .

109 1911 334 1964 ‘Tempore
352 1939 364 1958 ,
383 1922 466 1964 quo
482 1907 734 1949 laudabiliter
750 1906 942 1950 Ecclesiae
962 1907 1042 1951 suae
1060 1909 1232 1951 vacabat
1247 1938 1260 1957 ,
1297 1907 1487 1951 Canoni-

177 1981 248 2009 cus
266 1966 462 2009 commiffi
490 1969 538 2007 cle
571 1965 772 2008 Mandata
802 1966 1011 2008 homicidii
1043 1965 1119 2008 fuit
1151 1966 1233 2020 iple
1277 1966 1484 2009 accusatus

175 2039 259 2066 una
275 2022 595 2067 cumFrancisco
613 2022 821 2066 Florentia
855 2023 940 2077 ejus
972 2026 1117 2069 Patre.
1154 2025 1240 2066 Ob·
1267 2023 1487 2080 probatio-

178 2095 279 2123 num
300 2081 497 2126 defectum
515 2097 606 2126 cum
631 2082 830 2125 accusatio
865 2082 1026 2126 excludi
1047 2098 1133 2125 non
1170 2082 1300 2138 poffct
1329 2096 1380 2124 ne
1412 2081 1495 2122 de-

179 2140 420 2181 truderetur
450 2141 490 2182 in
526 2143 726 2184 Carceres
751 2172 763 2191 ,
792 2140 930 2198 fugam
961 2140 1207 2184 Canonicus
1240 2140 1413 2197 arripuit
1443 2155 1492 2180 a,
1524 2135 1528 2138 ¹

178 2198 343 2243 Patria,
377 2199 559 2253 atquein
589 2210 750 2242 exteras
783 2201 978 2243 Ditiones
999 2200 1289 2256 peregrinatus
1324 2198 1376 2240 est
1402 2229 1411 2237 .
1447 2199 1494 2237 In

179 2255 326 2298 Curiae
342 2255 454 2296 vires
475 2257 636 2297 tandem
657 2257 738 2311 ipse
757 2259 959 2306 devenit,
999 2259 1068 2312 qui
1101 2259 1280 2313 primum
1309 2257 1348 2296 in
1376 2255 1494 2294 Nar-

179 2313 260 2354 niae
277 2343 290 2361 ,
323 2312 419 2354 dein
450 2313 489 2354 in
513 2313 638 2354 Urbis
658 2314 908 2357 Carceribus
929 2315 1139 2367 :detentus
1157 2314 1235 2355 fuit
1263 2343 1275 2360 ,
1291 2313 1360 2352 ubi
1379 2310 1494 2350 suum

177 2385 258 2413 una
292 2384 384 2412 cum
402 2372 520 2412 Patre
539 2384 614 2426 per
635 2371 950 2424 quadriennium
971 2372 1073 2412 luxit
1092 2370 1368 2412 infortunium
1391 2397 1401 2407 .
1424 2368 1492 2407 In-

180 2428 378 2470 nocentia
406 2428 616 2483 utriusque
647 2428 780 2470 illuxit
812 2442 905 2469 cum
921 2429 1120 2482 Jol'ephus
1162 2425 1370 2483 Allegrini
1404 2425 1497 2466 uni-

175 2499 252 2528 cus
291 2486 441 2541 patrati
481 2485 690 2527 homicidii
722 2487 834 2526 Reus
865 2485 905 2525 in
937 2485 1034 2526 Fisci
1072 2483 1323 2540 potestatem
1365 2484 1502 2524 deve-

177 2544 287 2584 nerit
310 2572 323 2589 ‚
372 2544 439 2598 qui
471 2543 548 2585 fuit
576 2544 671 2585 inde
705 2558 725 2584 a
764 2543 853 2584 Sac.
886 2542 1238 2598 Congregatione
1280 2541 1500 2584 Consultae

177 2604 241 2643 die
264 2613 325 2654 15.
346 2601 583 2655 Septembris
619 2614 739 2657 1747.
762 2602 808 2641 ad
845 2603 1038 2642 triremes
1062 2615 1138 2657 per
1160 2599 1504 2655 quinquennium

179 2658 396 2700 damnatus
416 2687 427 2703 ‚
463 2673 588 2715 atque
627 2659 873 2701 transmiffus
909 2657 1035 2701 fuerit
1058 2689 1070 2707 ,
1099 2659 1144 2701 ἃ.
1162 2660 1381 2700 decretum
1399 2670 1507 2697 con-

309 2717 493 2759 Tom-LI.
961 2717 1002 2757 N
1034 2730 1057 2758 2
1395 2725 1512 2758 tem=¹²
