2002 2959
556 106 612 150 68
1031 113 1047 141 1
1061 111 1095 141 1.
1114 100 1227 142 Maii
1246 102 1368 156 1782.

495 169 592 212 Vita
616 159 758 205 funem
779 156 996 213 Gregorio
1018 158 1125 199 ΧΙΙΙ.
1152 189 1164 206 ,
1196 174 1319 213 atque
1355 160 1395 199 in
1429 157 1515 210 ejus
1549 159 1681 200 locum
1703 160 1867 203 suffec'to

554 223 672 263 Sixto
696 218 962 266 v.‚earndem
979 217 1448 272 quaest.ionem‚instante
1466 216 1658 257 universo
1679 217 1870 260 Ordine.»

549 279 880 320 praedicatorum
897 305 909 323 ‚
929 276 976 315 ad
999 289 1169 316 examen
1191 277 1383 317 revocari
1416 275 1604 330 oportuit
1625 290 1637 322 ;
1664 274 1708 316 ἅ
1726 276 1863 317 audito

547 335 642 377 dieti
668 334 843 375 Ordinis
864 334 981 373 Patre
1000 333 1201 374 Generali
1221 364 1234 382 ,
1267 335 1470 387 rebusque
1488 333 1679 373 omnibus
1710 344 1865 375 mature

546 391 764 449 perpensis
784 394 832 432 de
852 392 986 432 mense
1010 390 1190 443 januarii
1213 391 1308 432 anni
1331 391 1450 446 1586.
1491 405 1540 430 ex
1574 390 1746 431 consilio
1766 391 1857 432 sac.

545 452 768 506 Congreg.
781 450 952 504 sequens
971 449 1129 504 prodiit
1141 450 1375 491 Decretum
1393 467 1420 486 τ-
1438 447 1707 501 Sanffiffimus
1725 449 1867 490 Domi·

545 523 624 550 nus
645 508 790 563 Noster
808 508 951 550 Sixtus
974 508 1025 551 V.
1043 508 1240 564 respondit
1260 538 1273 555 ,
1291 509 1515 565 Regulares
1526 508 1636 562 poffe
1651 509 1862 549 concedere
1913 545 1918 551 .

543 567 801 622 Dimifforins
832 567 888 606 nd
922 565 1153 622 Episcopum
1176 564 1452 625 Diaecesanum
1475 596 1485 611 ,
1515 579 1641 620 eoque
1672 565 1828 620 absente
1846 593 1860 612 .

541 625 607 665 vel
626 624 940 680 etiampraesente
958 652 971 671 ‚
1001 622 1046 665 ἃ,
1063 624 1366 666 Ordinationem
1380 639 1460 665 non
1478 632 1647 668 tenente,
1664 625 1719 662 ad
1729 637 1862 677 quem·

540 696 729 738 cumque,
742 682 956 724 dummodo
975 682 1024 722 ab
1042 696 1088 723 eo
1108 682 1298 738 Episcopo
1315 712 1327 730 ,
1354 683 1426 739 qui
1440 681 1609 723 Ordines
1626 680 1856 728 contulerit,

540 741 827 781 examinentur
841 741 980 796 quoad
994 741 1216 782 doctrinam
1238 757 1266 777 =
1286 741 1401 793 Iib.4.
1419 741 1562 781 decret.
1574 754 1675 795 pag.
1688 736 1778 777 108.

486 796 554 840 De
576 797 648 838 hac
672 797 816 838 eadem
834 810 882 838 re
897 795 1028 838 adium
1047 811 1216 853 quoque
1246 796 1324 840 fuit
1357 799 1397 838 in
1423 798 1509 838 Sac.
1526 797 1668 850 Cong.
1690 794 1730 834 in
1756 808 1862 836 una„

541 853 756 909 Hispalen,
776 882 791 902 ,
825 867 920 909 quae
941 853 1008 896 die
1032 868 1049 895 1
1064 868 1097 894 1.
1118 854 1300 908 Januarii
1326 854 1449 911 1596:
1470 853 1519 894 fic
1538 852 1769 895 decrevit:
1787 851 1862 892 Su-

531 913 713 969 periores
729 911 1071 969 Regularespoffe
1089 914 1176 969 suis
1200 912 1373 968 subditis
1407 914 1527 954 etiam
1557 911 1825 965 Regularibus
1845 938 1858 956 ,

535 970 612 1026 q'ui
629 970 794 1025 praediti
805 970 1070 1025 qualitatibus
1083 969 1281 1027 requifitis
1301 970 1466 1012 Ordines
1490 969 1688 1026 suscipere
1702 969 1856 1016 „volue-

540 1027 625 1067 rint
643 1054 656 1073 ,
685 1028 858 1069 Litteras
875 1028 1132 1085 Dimifforias
1162 1030 1377 1071 concedere
1392 1030 1447 1069 ad
1466 1028 1698 1083 Episcopum
1714 1034 1854 1066 tamen

539 1082 821 1139 Diaecesanum
842 1113 855 1131 ,
871 1085 928 1131 ὃς
937 1085 973 1141 fi
990 1088 1023 1127 is
1039 1087 1230 1140 abfuerit,
1246 1087 1308 1129 vel
1323 1101 1403 1127 non
1419 1085 1509 1142 effet
1526 1085 1735 1125 habiturus
1751 1084 1861 1123 ordi·

536 1141 740 1187 nationes,
755 1145 810 1184 ad
821 1145 1250 1200 quemcumquealiurn
1267 1145 1498 1202 Episcopum
1520 1157 1531 1190 ;
1552 1141 1780 1182 Dummodo
1800 1151 1859 1180 ta-

536 1212 625 1240 men
643 1197 692 1238 ab
708 1213 755 1239 eo
787 1200 981 1256 Episcopo
998 1228 1013 1247 ‚
1044 1205 1116 1257 qui
1144 1202 1316 1242 Ordines
1335 1201 1552 1244 contulerit
1568 1200 1858 1241 examinentur

534 1257 676 1313 quoad
694 1255 932 1298 Doctrinam
951 1284 964 1303 ‚
982 1256 1026 1298 &
1041 1261 1136 1298 dum
1154 1258 1221 1312 ipsi
1239 1260 1464 1315 Regulares
1480 1272 1560 1298 non
1574 1256 1793 1304 distulerint
1810 1258 1859 1296 de

534 1312 727 1366 industria
755 1311 1036 1367 conceffionem
1057 1315 1380 1371 Dimisloriarum
1411 1317 1451 1357 in
1486 1317 1528 1356 id
1553 1324 1708 1367 tempus
1732 1341 1744 1359 ,
1775 1328 1854 1367 quo

544 1369 763 1426 Episcopus
782 1370 1042 1426 Dicrcesanus
1065 1400 1077 1419 ,
1102 1372 1166 1411 vel
1180 1370 1393 1423 abfuturus
1410 1400 1422 1417 ,
1454 1373 1516 1412 vel
1538 1372 1672 1411 nullas
1689 1370 1857 1409 habitu-

539 1441 612 1468 rus
636 1429 728 1483 effet
746 1429 1022 1469 ordinationes
1041 1449 1050 1465 a
1083 1429 1233 1471 Verum
1259 1442 1350 1470 cum
1368 1443 1392 1469 a
1406 1428 1686 1483 Superioribus
1714 1427 1859 1483 Regu-

532 1483 682 1524 laribus
701 1514 712 1529 ‚
736 1483 926 1541 Episcopo
947 1485 1177 1541 Diaecesano
1194 1485 1351 1537 absente
1368 1516 1381 1535 ‚
1397 1486 1461 1527 vel
1479 1483 1755 1527 Ordinationes
1772 1498 1854 1526 non

532 1541 716 1586 habente,
732 1541 875 1584 littera·
890 1543 1120 1600 dimifforiae
1138 1544 1192 1584 ad
1214 1543 1341 1586 alium
1357 1543 1594 1600 Epist-opum
1615 1542 1817 1583 dabuntur
1837 1570 1852 1590 ‚

533 1599 576 1640 in
607 1601 666 1640 eis
683 1601 823 1654 utique
839 1599 1070 1657 hujusmodi
1096 1601 1254 1657 causam
1272 1600 1455 1658 absentiae
1475 1601 1697 1655 Diaecesani
1728 1599 1852 1656 Epis-

529 1657 620 1710 copi
647 1685 661 1704 ,
693 1658 757 1698 vel
785 1656 1099 1700 Ordinationum
1137 1659 1186 1698 ab
1218 1672 1265 1700 eo
1298 1673 1380 1700 non
1414 1657 1688 1699 habendarum
1720 1659 1856 1713 expri-

530 1716 716 1761 mendam
741 1714 815 1770 effe
843 1730 872 1752 =
901 1715 966 1756 lib.
988 1715 1028 1756 8.
1064 1716 1220 1758 Decret.
1253 1730 1350 1774 pag.
1397 1715 1492 1757 160.
1511 1745 1521 1755 .
1560 1716 1678 1757 Hanc
1711 1714 1852 1756 Sacrae

530 1771 893 1826 Congregationis
923 1771 1174 1814 decisionem
1207 1771 1408 1815 Clemens
1441 1774 1554 1814 VIII.
1586 1771 1852 1828 Apostolicrus

531 1828 777 1871 auetoritate
807 1829 997 1877 muniri,
1028 1830 1074 1873 ἃ,
1105 1830 1302 1873 roborari
1339 1831 1476 1873 voluit
1515 1829 1582 1871 die
1615 1841 1678 1883 15.
1700 1828 1851 1870 Martii

532 1885 713 1940 ejusdem
732 1885 829 1928 anni
851 1916 866 1935 ,
903 1886 948 1929 ἃ.
968 1889 1017 1929 ab
1037 1888 1231 1929 omnibus
1251 1888 1549 1944 Superioribus
1574 1886 1851 1941 Regularibus

526 1945 569 1988 in
597 1946 870 2000 promotione
886 1945 935 1985 ad
953 1945 1136 1987 Ordines
1162 1946 1330 1988 suorum
1350 1946 1624 1987 Subditorum
1655 1944 1850 1986 observa·

527 2002 562 2044 ri
587 2002 824 2048 mandavit,
858 2000 1126 2057 injunetaque
1144 2014 1295 2044 contra
1327 2002 1590 2057 negligentes
1610 2015 1739 2057 poena
1761 2003 1845 2059 pri-

526 2059 707 2102 vationis
738 2059 867 2102 officii
902 2061 947 2102 ὅτ,
982 2059 1197 2112 dignitatis
1214 2089 1227 2106 ,
1264 2059 1332 2101 seu
1367 2059 1732 2101 administrationis
1754 2090 1767 2108 ,
1803 2074 1848 2101 ac

525 2116 643 2158 vocis
662 2115 809 2159 affivae
827 2147 840 2165 ,
874 2115 919 2158 &
948 2115 1113 2173 paffivae
1132 2145 1146 2166 ,
1175 2116 1342 2174 aliisque
1372 2117 1551 2161 arbitrio
1584 2117 1845 2174 Apostolicae

534 2173 653 2218 Sedis
675 2173 896 2216 reservatis
914 2201 927 2215 .

474 2232 638 2276 verum
664 2243 746 2272 tam
767 2232 943 2288 provida
966 2232 1233 2274 Summorurn
1254 2232 1505 2275 Pontificum
1522 2264 1532 2280 ‚
1561 2233 1607 2276 ἃ.
1623 2234 1711 2276 Sac.
1728 2232 1843 2273 Con-

528 2288 787 2346 gregationis
805 2290 990 2332 Decreta
1016 2290 1255 2347 praepedire
1276 2289 1381 2332 haud
1403 2302 1637 2347 potuerunt
1658 2321 1670 2339 ,
1706 2304 1756 2330 ne
1774 2288 1847 2331 alia

527 2347 748 2391 orirentur
765 2346 919 2389 diffidia
935 2346 1164 2404 Episcopos
1195 2348 1310 2390 inter
1329 2377 1342 2397 ‚
1372 2349 1415 2391 ὅτ.
1434 2349 1691 2406 Regulare53
1719 2348 1843 2388 Non·

534 2405 632 2447 nulli
652 2403 844 2461 Episcopi
864 2404 1096 2461 praesertim
1115 2407 1222 2448 ultra
1241 2406 1418 2450 Montes
1436 2402 1646 2449 constituti
1666 2418 1842 2447 conten·

530 2463 633 2504 dere
650 2475 872 2519 caeperunt
887 2494 900 2513 ‚
937 2464 1174 2507 necessarias
1193 2464 1271 2507 effe
1290 2465 1561 2522 Regularibus
1588 2463 1840 2504 Dimissorias

533 2520 864 2562 ordinariorum
884 2522 1056 2575 originis
1078 2553 1087 2568 ‚
1121 2534 1166 2563 ut
1184 2522 1346 2578 poss'ent
1363 2523 1412 2564 ab
1434 2519 1646 2577 Episcopis
1666 2521 1843 2563 aliorum

527 2578 719 2620 locorum
740 2578 787 2621 ad
808 2579 991 2620 Ordines
1020 2579 1296 2635 pro-moveri:
1331 2580 1499 2622 Contra
1532 2579 1633 2619 vero
1664 2579 1842 2634 Regula-

529 2650 596 2676 τες
614 2636 696 2676 vim
718 2665 730 2683 ,
763 2637 808 2678 ὅτ,
831 2637 1135 2678 observantiam
1155 2637 1414 2679 Clementini
1436 2635 1612 2676 Decreti
1632 2638 1839 2679 declinare

531 2693 797 2735 autumabant
825 2707 871 2735 ea
922 2694 1028 2736 duc‘ti
1064 2696 1225 2738 ratione
1247 2726 1258 2742 ‚
1291 2695 1384 2749 quia
1414 2709 1434 2736 a
1469 2693 1691 2737 Clemente
1727 2694 1838 2735 vlu.

1785 2754 1853 2794 de-
