1981 2974
562 105 831 153 20.]‹znuarii
848 104 975 156 1781.‘
1416 120 1431 145 1
1446 121 1461 146 1

138 161 261 206 Musa
280 191 292 209 ,
323 162 425 204 itaut
446 161 544 204 nihil
566 162 734 219 superfit
755 175 833 215 pro
852 157 1104 201 Utensilibus
1123 187 1137 207 ,
1164 158 1350 216 nihilque
1380 176 1458 216 pro

139 221 274 264 Chori
295 221 464 262 servitio
484 232 706 275 utcumque
725 219 772 260 ad
792 230 926 260 certas
945 217 1043 259 anni
1060 217 1331 259 solemniores
1353 218 1464 261 festi-

138 281 290 322 vitates
309 278 471 320 redacto
491 310 501 324 ‚
535 292 679 333 preces
697 275 889 332 porrexit
921 275 1015 318 huic
1049 274 1176 329 Sacre
1213 276 1460 336 Congrega-

143 337 251 379 tioni
267 335 346 378 tria
375 336 586 391 postulans
605 366 614 376 .

85 395 221 438 Primo
241 423 254 442 ,
287 394 399 448 quod
417 393 644 436 Praebenda
658 391 924 434 Canonicalis
945 422 957 440 ,
990 406 1112 447 quam
1129 392 1295 435 obtinet
1310 421 1324 440 ,
1342 407 1460 435 com·
1511 404 1515 406 ’

141 451 319 508 patibilis
338 450 491 504 fit,ejus
509 451 679 493 naturali
699 450 876 492 durante
897 451 1099 498 vita‚cum
1137 451 1328 505 quolibet
1363 451 1460 495 affe÷

143 509 312 565 quendo
340 508 551 551 Beneficio
585 507 870 564 Ecclesiastico
901 507 1082 560 ejusdem
1118 506 1325 554 Collenfis
1349 538 1361 556 ,
1391 510 1461 550 vel
1503 552 1510 558 ,

143 568 312 608 alterius
338 566 564 616 Diaecefis‚
592 568 715 608 etiam
731 567 800 606 sub
820 567 967 607 eodem
986 565 1120 607 Tecto
1142 596 1155 614 ,
1191 565 1235 607 ὅτ.
1265 567 1464 619 persona-

142 624 222 666 lem
243 623 498 666 residentiam
514 625 757 679 requirente
779 654 792 673 ,
824 625 928 666 itaut
961 623 1194 666 Praebenda
1228 620 1462 666 Ufimbardi

145 694 351 738 tamquam
368 681 532 738 simplex
549 682 804 729 Beneficium
825 681 1024 723 habeatur
1048 712 1056 722 .

87 738 271 783 Secundo
294 769 306 787 ,
339 739 451 796 quod
469 740 604 782 Missae
619 744 870 783 reducantur
886 741 933 783 ad
954 740 1164 781 rationem
1179 752 1284 782 taxae
1313 753 1468 795 perpe-

144 797 354 851 tuaejuxta
372 809 555 839 mentem
572 798 787 841 Fudatoris
815 827 828 846 ,
858 797 927 852 qui
963 797 1204 846 mandavit,
1240 797 1468 852 eleemosy-

144 855 456 911 namjuliorum
485 858 657 899 duorum
691 870 769 913 pro
803 856 985 910 qualibet
1003 856 1126 898 Miffa
1160 856 1334 897 dandam
1353 855 1464 897 effe..

141 916 344 972 praecipue
361 915 445 957 illis
466 944 478 962 ,
503 916 868 972 quicelebraverint
887 915 1115 972 Miffaspro
1134 914 1221 969 ejus
1241 914 1387 956 Anima
1407 943 1418 953 .

92 973 232 1016 Tertio
254 971 420 1016 demum
457 1000 470 1019 ,
503 971 612 1026 quod
637 974 753 1013 firma
783 983 978 1012 manente
1001 971 1246 1014 reduffione
1272 970 1470 1013 Choralis

149 1026 420 1072 servitiifaeta
449 1041 559 1068 anno
590 1029 729 1083 1769.,
748 1023 943 1068 teneatur
964 1029 1013 1068 ad
1035 1028 1355 1069 interessendum
1378 1040 1471 1070 tan-

143 1087 231 1128 tum
254 1098 331 1140 pro
352 1085 618 1139 temporibus
637 1085 678 1126 in
692 1083 794 1128 effla
812 1083 1056 1126 reduffione
1076 1084 1469 1139 expreffis,quoties

144 1156 284 1187 tamen
299 1140 398 1184 adfit
417 1143 455 1182 in
475 1141 662 1185 Civitate
683 1172 696 1191 ,
728 1141 794 1184 vei
809 1141 1190 1184 DiaecefiCollenfi
1213 1173 1222 1188 ‚
1256 1141 1374 1183 aliter
1407 1154 1469 1184 te·

144 1212 294 1243 neatur
310 1201 358 1241 ad
372 1200 700 1243 celebrationem
720 1200 843 1242 unius
863 1199 1001 1245 Miffae
1014 1200 1063 1241 ad
1078 1200 1237 1245 libitum
1253 1214 1331 1256 pro
1362 1214 1468 1254 quo-

143 1258 248 1301 libet
267 1258 562 1300 intereffentiae
582 1258 743 1301 defeflu
767 1290 780 1308 ,
812 1258 946 1300 tribus
961 1258 1149 1315 exceptis
1164 1259 1315 1301 diebus
1342 1258 1471 1310 majo-

144 1316 202 1358 ris
216 1316 500 1359 Hebdomadae
518 1332 610 1359 cum
631 1316 709 1360 alio
723 1316 910 1373 sequenti
932 1318 997 1359 die
1031 1316 1150 1358 ‘festo
1180 1314 1470 1360 Resurreffio-

145 1375 209 1417 nis
221 1376 279 1417 D.
302 1373 357 1415 N.
379 1375 469 1428 Jesu
492 1375 644 1417 Christi
665 1406 675 1419 .

88 1433 210 1477 Hisce
233 1433 507 1487 petitionibus
526 1433 647 1474 Sacra
664 1433 954 1492 Congregatio
974 1431 1222 1488 rescripsit:
1236 1431 1388 1486 ‚Quoad
1402 1448 1475 1475 re«

146 1493 372 1535 damonem
390 1492 600 1548 Miffarum
618 1495 673 1533 ad
696 1496 897 1538 rationem
917 1505 1025 1535 taz-ce
1036 1500 1239 1547 perpetuae
1270 1492 1428 1534 Lec‘l'um
1447 1520 1459 1531 .

145 1550 192 1591 In
209 1551 378 1606 reliquis
403 1549 590 1606 Episcopo
602 1565 678 1606 pro
697 1550 987 1608 Informatione
1005 1578 1019 1597 ι
1055 1548 1110 1593 <36
1129 1557 1220 1590 voto
1238 1549 1462 1606 transml'ffct

142 1607 387 1659 fundatione
405 1610 561 1649 auditis
578 1636 590 1647 .

92 1664 321 1722 Episcopus
341 1664 461 1721 longa
479 1666 544 1707 sua
563 1665 764 1709 relatione
786 1667 973 1709 narravit
984 1678 1058 1713 ea,
1090 1678 1185 1719 quae
1222 1663 1328 1706 dieta
1347 1664 1439 1704 sunt
1457 1692 1471 1710 ,

152 1723 406 1780 testaturque
430 1741 457 1761 =
489 1725 776 1780 eleemosynam
795 1726 1024 1767 manualem
1035 1737 1112 1779 pro
1132 1725 1347 1780 Miffarum
1364 1721 1474 1764 cele-

150 1781 334 1823 bratione
366 1810 379 1828 ,
421 1796 510 1838 quse
540 1784 584 1822 in
613 1782 776 1837 Diaecefi
812 1784 843 1825 C
845 1781 979 1837 ollenfi
1011 1779 1240 1838 confiftebat
1272 1782 1314 1822 in
1346 1778 1475 1820 tribus

151 1842 308 1897 quartis
324 1840 509 1895 partibus
525 1841 646 1881 unius
662 1840 790 1889 Iulii,
822 1844 876 1883 acl
902 1843 1100 1897 integrum
1126 1838 1279 1895 julium
1311 1838 1473 1879 αυέῖανη

147 1897 267 1954 suzffe
282 1899 438 1939 decreto
457 1897 639 1954 Episcopi
652 1899 951 1956 Praedecefforis
965 1901 1012 1939 de
1033 1911 1144 1939 anno
1166 1911 1288 1954 1770.
1319 1926 1328 1934 .
1360 1896 1474 1951 quod

156 1957 283 1997 adhuc
302 1956 533 2013 observatur
549 1983 562 2003 ‚
581 1955 636 1999 ὃς
653 1958 802 1999 idcirco
819 1959 1031 1999 hodiernos
1050 1957 1229 1998 redditus
1249 1954 1475 1996 Canonica-

158 2020 220 2053 tus
232 2014 279 2054 de
302 2013 546 2069 Ufimbardis
561 2028 642 2053 non
651 2015 838 2072 sufficere
846 2030 923 2070 pro
953 2013 1156 2069 stipendio
1194 2014 1316 2055 trium
1333 2010 1475 2067 Miffa-

160 2082 246 2110 rum
270 2086 344 2126 per
373 2071 555 2130 ,lingulas
581 2072 850 2115 hebdomadas
865 2075 906 2114 in
930 2070 1101 2129 prcefata
1116 2069 1346 2113 Catlzedrali
1378 2067 1479 2109 cele-

159 2125 397 2170 brandarum
418 2159 431 2178 ,
459 2144 514 2172 ex
531 2130 674 2187 quibus
692 2141 785 2173 ante
800 2134 1056 2173 enunciatum
1073 2132 1273 2172 decretum
1301 2126 1472 2168 deducta

158 2185 402 2240 eleemosyna
422 2187 637 2243 Miffarum
658 2189 816 2245 aliquid
826 2189 1033 2245 supererat
1043 2200 1120 2243 pro
1140 2186 1345 2229 Canonico
1364 2213 1376 2224 .

103 2239 235 2287 ,Addit
256 2242 460 2287 verificari
481 2273 494 2292 ‚
526 2245 736 2287 Oratorem
760 2275 773 2294 ‚
793 2256 838 2287 ut
853 2246 1065 2302 rebussuis
1082 2244 1286 2286 incumbat
1303 2270 1317 2289 ‚
1343 2243 1422 2299 deg
1437 2255 1488 2282 e-

159 2311 202 2338 re
216 2298 288 2339 Flo
297 2303 448 2348 rentiae,
463 2317 550 2356 quae
565 2303 718 2345 Civitas
728 2303 813 2357 fere
832 2305 978 2362 viginti
996 2304 1086 2344 0650
1103 2299 1475 2356 millibuspaffuum.

159 2355 277 2410 distat
293 2356 342 2396 ab
375 2358 451 2399 hac
469 2359 635 2414 Collenfi
656 2389 669 2406 ,
699 2361 956 2417 quamobrem
981 2389 993 2407 ,
1023 2369 1068 2400 ut
1102 2361 1142 2400 in
1166 2358 1370 2414 praedic‘l'is
1392 2354 1482 2394 So·-

162 2414 435 2455 lemnitan'bus
449 2414 592 2469 adeffet
613 2415 891 2466 functionibus
924 2417 1045 2470 hujus
1079 2412 1363 2458 ΟαῑΙιιεάναΙίε,Ι
1399 2424 1481 2451 ηοη

162 2473 335 2526 amplius
355 2500 367 2519 ,
398 2481 470 2512 aut
487 2473 619 2511 rarius
642 2471 814 2514 Verbum
831 2473 997 2513 Domini
1016 2472 1181 2526 Populis
1208 2470 1482 2513 annunciare.

157 2530 251 2586 poff
266 2540 313 2577 t„
347 2544 426 2586 quo
457 2543 619 2570 munere
643 2528 835 2586 fungitur
851 2528 1134 2576 laudabiliter,
1162 2541 1234 2570 nec
1252 2542 1334 2568 non
1364 2540 1479 2568 cumd

164 2586 243 2627 Aria
288 2601 402 2627 arum
419 2587 685 2642 <edificatione
705 2615 717 2633 ‚
746 2585 801 2629 ὃς
816 2602 895 2627 non
906 2587 1034 2639 facile
1053 2614 1065 2632 ‚
1094 2600 1220 2643 neque
1232 2585 1321 2641 fine
1332 2586 1485 2625 incom-

165 2646 283 2686 modo
295 2643 522 2699 hujusmodi
535 2646 610 2690 iter
625 2645 714 2703 effet
730 2645 768 2687 ei
785 2673 799 2693 ,
832 2644 948 2701 cujus
964 2654 1061 2685 oetas
1069 2644 1161 2699 jam
1179 2645 1321 2701 incipit
1336 2645 1478 2699 ιἠςνα-Δ

229 2702 330 2744 Tam
345 2702 402 2741 .L.
981 2703 1013 2744 B
1031 2714 1053 2742 2
1169 2728 1171 2730 -
1364 2713 1429 2742 ve-
