2002 2959
630 120 813 175 13.Julil
839 118 959 173 1782.
1403 131 1477 173 103

106 184 167 225 An
180 181 422 238 servandum
440 177 486 228 fic
508 178 898 234 DecretumEpiscopi
914 179 1037 217 latum
1056 177 1120 218 ilie
1137 176 1319 231 17.]unii
1340 188 1479 232 1777··

210 245 282 295 seu
297 240 438 293 potius
455 238 657 279 Sententia
675 238 957 293 Synclicatorc's
973 236 1052 277 aliea·
1071 236 1139 277 28.
1157 236 1270 283 ,lunii
1292 234 1417 290 1762.
1437 238 1479 278 ἰη

221 298 309 353 casu
330 297 408 340 dyc.

250 468 490 511 EPESINA
519 466 1004 511 DISPENSATIONIS
1038 467 1111 508 AB
1145 469 1481 511 IRREGULA-

260 529 481 569 RITATE
500 556 511 566 .
547 527 674 568 Sexto
688 526 831 566 Nonas
850 524 996 565 Martii
1015 525 1109 565 anni
1135 527 1256 580 1780.
1278 526 1386 569 circa
1407 528 1482 568 ho-

163 604 252 631 ram
270 587 483 628 secundam
515 583 644 625 noffis
680 583 720 622 in
740 584 882 624 Domo
903 583 1141 624 Sacerdotis
1157 583 1384 626 Alexandri
1402 586 1483 628 de„
1512 612 1517 615 >

163 645 341 700 Angelis
359 642 550 686 Mazzani
565 642 722 697 Oppidi
742 638 966 697 Nepesinae
982 641 1185 682 Dioecesis
1209 640 1336 696 ipsum
1354 643 1483 690 inter,

165 703 337 759 suosque
371 700 694 755 consanguineos
713 699 799 740 rixa
820 699 996 740 excitata
1016 697 1092 738 fuit
1111 729 1121 739 .
1155 699 1221 740 Ne
1255 700 1353 754 quid
1389 701 1482 741 mali

163 761 374 803 accideret
393 789 405 805 ‚
437 758 476 798 in
497 760 658 799 Domus
678 755 930 800 Cubiculum
947 758 1133 798 detrusus
1153 755 1229 798 fuit
1251 757 1453 800 Sacerdos
1469 774 1478 784 ·

161 816 348 861 Caeteris
367 829 469 859 vero
488 815 743 871 litigantibus
763 845 777 864 ,
806 817 875 871 qui
893 812 970 855 sese
988 814 1096 856 circa
1127 816 1290 856 Domus
1319 815 1481 866 januam

163 874 500 922 constituerant,
530 872 763 915 adolescens
793 874 915 914 etiam
949 871 1109 914 acceffit
1131 873 1349 916 Antonius
1367 875 1484 914 Dio-

161 931 302 974 tallevi
326 963 336 978 ,
367 947 389 974 a
408 947 493 988 quo
514 942 664 988 utpote
685 930 924 975 Sacerdotis
942 930 1074 972 amico
1091 961 1104 979 ‚
1138 933 1182 973 ἃ,
1209 932 1366 987 bospite
1387 946 1480 974 cum

162 992 358 1032 adversus
377 990 703 1045 consanguineos
725 989 948 1046 praedictos
967 987 1264 1032 cruciarentur
1284 990 1450 1042 injuriae
1470 1018 1484 1037 ,

161 1048 359 1105 strepitus
379 1048 651 1104 percrebuit.
688 1049 799 1090 Hinc
821 1047 1024 1089 Sacerdos
1060 1062 1081 1087 e
1110 1048 1306 1090 cubiculo
1343 1062 1485 1088 erum-

161 1120 271 1163 pens
307 1106 441 1148 stricto
461 1105 596 1160 gladio
617 1135 630 1153 ,
663 1121 789 1161 quem
824 1120 873 1148 ex
896 1107 1044 1148 baculo
1064 1105 1220 1148 affabre
1240 1103 1482 1147 construeto

159 1176 397 1206 extraxerat
418 1193 430 1211 ,
463 1164 502 1203 in
523 1165 742 1205 obscurum
761 1164 1007 1219 litigantium
1022 1179 1166 1220 agmen
1180 1165 1258 1204 sese
1279 1162 1483 1215 conjecit;

159 1221 208 1263 ὅτ.
237 1236 360 1277 quem
396 1219 688 1263 verosimiliter
725 1223 893 1264 nolebat
929 1250 942 1269 ‚
973 1222 1211 1263 Antonium
1246 1220 1482 1263 Diotallevi

157 1280 266 1320 adeo
285 1279 472 1334 graviter
485 1278 725 1321 vulneravit
746 1309 759 1328 ‚
779 1290 823 1320 ut
847 1280 962 1321 binas
984 1279 1072 1336 post
1094 1280 1214 1322 horas
1238 1278 1483 1321 Sacramen-

159 1336 230 1378 tali
247 1336 507 1380 absolutione
519 1336 700 1379 munitus
726 1337 972 1380 occubuerit
992 1367 1002 1377 .

100 1397 291 1452 Sequuto
327 1394 517 1435 facinore
551 1422 566 1441 .
610 1393 748 1449 fugam
782 1394 959 1449 arripuit
993 1394 1197 1438 Sacerdos
1223 1426 1233 1441 ,
1266 1395 1480 1449 dumque,

162 1452 357 1494 exulabat
383 1465 406 1493 a
433 1450 569 1492 Patria
597 1480 611 1498 ,
640 1452 833 1493 adversus
866 1453 996 1508 ipsum
1025 1452 1232 1504 Iudicialis
1262 1452 1476 1493 Psoceffm

159 1509 477 1552 construebatur
496 1537 508 1549 .
542 1509 620 1550 Per
636 1520 768 1552 annos
787 1510 930 1552 decem
961 1525 982 1550 a
1012 1509 1223 1564 Nepesina
1246 1508 1480 1563 Epist-opali

159 1567 295 1610 Curia
312 1570 366 1610 ad
383 1570 564 1610 triremes
575 1569 793 1609 damnatus
822 1566 911 1622 fuit
928 1597 941 1614 ,
978 1569 1270 1622 dimidiumque
1287 1567 1482 1607 bonorum

159 1625 371 1683 fiscofuit
386 1627 605 1667 addietum.
628 1625 1030 1681 Fisco,partibusque
1050 1623 1318 1666 concordatis
1337 1624 1385 1664 ab
1408 1636 1479 1663 ea-

160 1684 258 1726 dem
277 1683 408 1725 Curia
426 1682 731 1725 absolutionem
767 1682 954 1725 obtinuit
979 1682 1183 1723 Sacerdos
1204 1680 1442 1721 Alexander
1469 1713 1479 1726 .

145 1743 350 1799 praemiffa
386 1751 518 1784 tamen
541 1741 750 1799 solutione
773 1742 979 1798 scutorum
1009 1741 1166 1794 80.pro
1185 1739 1344 1780 ΝΙιιΙέῖα
1364 1740 1481 1780 Locis

148 1799 235 1856 piis
248 1799 432 1855 applican
454 1829 467 1847 ,
505 1798 682 1853 &saffo
695 1799 940 1856 obligatione
968 1798 1147 1840 vacandi
1172 1810 1244 1850 per
1273 1797 1480 1852 integrum

154 1869 309 1898 annum
326 1853 602 1912 spiritualibus
618 1859 824 1900 exerciciis
854 1860 896 1899 in
939 1856 1037 1899 Ven.
1057 1854 1263 1896 Conventa
1282 1854 1359 1894 PP.
1383 1855 1413 1894 C
1414 1868 1484 1894 ar-

154 1914 383 1956 melitarum
407 1915 602 1959 viterbii.
621 1916 762 1957 Vitam
780 1914 896 1956 duxit
913 1913 1194 1968 exemplarem
1217 1912 1292 1951 hoc
1314 1910 1354 1950 in
1377 1911 1481 1953 Coe-

159 1970 292 2012 nobio
311 1984 465 2014 novem
486 1973 688 2015 mensibus
712 1984 871 2014 tantum
892 2001 904 2019 ,
935 1970 1131 2028 quoniam
1154 1982 1232 2025 pro
1267 1967 1376 2008 Viciu
1396 1969 1483 2009 sol-

157 2027 301 2069 vendo
318 2029 536 2085 imparem,
553 2045 574 2073 a
591 2031 753 2087 reliquo
776 2029 1040 2088 poenitentiae
1059 2040 1255 2084 tempore
1286 2026 1480 2068 Vicarius

158 2085 416 2141 Capitularis
434 2089 684 2145 dispensavit
703 2119 714 2130 .

100 2141 224 2190 'Anno
241 2145 510 2200 nuperelapfo
549 2148 671 2202 1781.
699 2146 897 2204 praefatus
933 2144 1136 2186 Sacerdos
1155 2156 1234 2199 pro
1272 2140 1479 2195 dispensa-

156 2203 278 2244 tione
297 2201 344 2242 ab
365 2202 675 2256 Irregularitate
719 2203 1169 2246 SANCTISSIMUM
1215 2200 1482 2241 PONTIFI-

160 2259 295 2301 CEM
337 2258 584 2314 supplicavit
616 2292 626 2307 ‚
673 2261 945 2315 precibusque
983 2260 1074 2299 huic
1114 2259 1204 2300 Sac.
1227 2258 1481 2310 Congu-ega-

157 2317 267 2359 tioni
286 2315 481 2373 ablegatis
498 2345 512 2364 ‚
549 2317 740 2372 requisita
758 2316 835 2358 fuit
856 2316 980 2373 super
1001 2315 1058 2356 his
1075 2318 1140 2357 dle
1166 2329 1233 2356 22.
1254 2314 1481 2354 Decembris

157 2376 328 2431 ejusdem
352 2377 451 2416 anni
473 2375 592 2429 1781.
609 2374 850 2416 informatio
871 2403 884 2421 ,
923 2373 967 2414 ὅτ.
999 2384 1146 2414 votum
1164 2371 1321 2413 Vicarii
1342 2369 1480 2424 Capi-

161 2434 306 2475 tularis
326 2430 507 2485 injuncta
524 2433 655 2474 eidem
683 2430 894 2472 processus
928 2426 1226 2470 transmissione
1262 2443 1341 2469 una
1356 2441 1477 2468 cuin..

162 2490 367 2532 relatione
382 2491 504 2546 super
520 2488 792 2534 satisfaflione
809 2486 942 2528 Partis
965 2517 974 2531 ‚
1007 2487 1052 2528 ἃ.
1073 2487 1171 2527 Fisci
1189 2487 1384 2541 quodque
1406 2499 1481 2525 re·-

162 2547 295 2588 serret
315 2548 364 2588 de
382 2547 500 2605 signis
520 2563 634 2590 verae
655 2546 922 2603 poenitentiae
941 2544 989 2584 ab
1024 2544 1111 2599 ipso
1143 2544 1262 2585 editis
1279 2572 1291 2591 ‚
1322 2544 1366 2586 δε.
1405 2542 1482 2584 de...

167 2605 348 2658 eiusdem
369 2606 553 2647 moribus
581 2617 798 2660 antequam
817 2603 973 2645 crimen
1017 2602 1289 2658 perpatraffet
1308 2630 1319 2642 .
1350 2601 1479 2643 Man-

165 2663 269 2704 datis
288 2662 430 2704 Sacrae
450 2664 806 2721 (longi-egationis
827 2664 1123 2715 obtemperans
1142 2659 1333 2701 Vicarius
1353 2657 1480 2713 Capi-

166 2720 307 2763 tularis
328 2750 341 2771 ,
372 2735 454 2775 quc
475 2723 793 2778 requirebantur
820 2716 1036 2763 transmisit
1057 2731 1137 2764 una
1152 2732 1246 2761 cum
1264 2716 1480 2780 Informaa

1401 2783 1480 2814 (ω’

1530 475 1704 531 3ςίςα4.
1729 490 1865 532 σαμγ.

1519 536 1567 575 cle
1585 533 1767 585 Reform.
