2008 2964
541 125 592 154 ιο
1009 111 1075 140 20·
1104 93 1297 144 Ianuarii
1316 91 1438 146 ¹78¹?

530 171 713 210 monetae
748 157 1007 205 Florentinae
1043 153 1333 213 percipiebat,
1363 162 1457 201 quae
1479 145 1622 186 Simon
1638 142 1688 183 de
1709 140 1840 184 Usim-

528 224 663 267 bardis
686 223 838 278 primus
859 217 1037 270 ejusdem
1057 211 1343 256 Canonicatus
1365 204 1560 246 Polselsor
1577 202 1618 242 in
1635 213 1721 241 tres
1748 213 1848 256 par-

530 294 593 324 tes
612 279 781 325 divisit,
810 276 983 334 primam
1015 272 1167 313 scilicet
1186 283 1264 323 pro
1287 264 1539 308 Clioralibus
1569 258 1845 301 distributio-

532 340 652 381 nibus
675 369 688 388 ,
716 338 885 379 alteram
917 345 995 389 pro
1019 331 1151 371 tribus
1189 321 1552 368 hebdomadalibus
1570 315 1701 361 Miffis
1732 345 1744 364 ‚
1763 329 1850 357 ter-

533 400 629 439 tiam
648 396 829 450 denique
852 406 932 448 pro
956 386 1260 429 Anniversario
1281 413 1291 424 .

477 455 640 497 verum
660 468 753 494 cum
785 451 939 492 fruetus
972 445 1179 487 dictorum
1215 445 1425 483 Locorum
1453 433 1671 477 Montium
1693 427 1850 472 redafli

538 512 698 554 suerint
717 511 763 552 ad
787 508 991 550 rationem
1010 504 1109 545 scuti
1126 501 1244 544 unius
1260 514 1351 541 cum
1372 495 1543 537 dimidio
1562 505 1640 547 pro
1661 491 1853 545 quolibet:

540 573 658 613 Loco
679 599 692 618 ‚
711 570 766 613 <Bc
783 580 894 607 anno
920 593 932 612 ,
951 564 1006 603 ita
1025 573 1069 602 ut
1096 557 1325 602 Praebenda
1349 552 1630 597 Canonicatus
1651 548 1700 588 de
1721 546 1852 587 Ulim-

538 627 675 670 bardis
695 641 770 667 nec
800 637 899 666 tunc
934 619 1178 665 excesserit,
1210 626 1337 672 prout
1356 627 1433 653 nec
1457 609 1579 651 hodie
1594 606 1767 648 excedat
1785 618 1858 644 an-

542 701 623 728 nua
645 687 753 726 scuta
789 678 1023 736 quindecim
1045 707 1057 724 ‚
1095 691 1190 731 quae
1226 686 1364 715 tamen
1396 683 1483 711 non
1516 668 1681 720 integra
1703 675 1856 718 perve-

543 744 665 788 niunt
683 743 729 783 ad
761 737 1080 782 Praebendatum
1113 737 1166 774 ob
1199 729 1387 786 qualdam
1421 724 1681 767 retentiones
1704 749 1716 767 ,
1750 732 1850 774 quae

500 831 505 836 ›
543 801 707 844 fiuntin
742 796 1018 840 solutionibus
1052 790 1257 832 fructuum
1289 788 1500 827 Locorum
1519 780 1740 823 Montium
1761 807 1771 825 ‚
1807 776 1854 817 ὅτ,

543 861 597 902 ob
618 859 712 899 alias
746 853 983 898 certiffimas
1019 847 1272 907 peragendas
1304 843 1499 899 expensas
1521 870 1534 888 ‚
1566 835 1732 879 difficile
1770 832 1853 874 fuit

544 919 664 959 alium
693 924 945 957 occurrente
979 908 1200 951 vacatione
1235 914 1412 960 propter
1447 897 1697 940 tenuitatem
1718 888 1855 934 reddi-

544 987 662 1018 tuum
681 972 876 1014 invenire
894 966 1212 1008 Praebendatum
1235 990 1247 1009 ‚
1266 970 1491 1009 utcumque
1511 955 1637 994 Sacra
1657 951 1862 1005 Congre-

545 1033 660 1089 gatio
677 1032 741 1073 die
756 1043 825 1084 30.
844 1024 1083 1081 Septembris
1111 1021 1209 1062 <mni
1232 1017 1352 1069 ¹634·
1375 1008 1634 1053 mandaverit
1654 1037 1666 1055 ‚
1708 1019 1754 1048 ut
1772 1007 1863 1046 sub·

551 1093 635 1132 lato
650 1101 779 1129 onere
817 1078 1103 1125 Anniversarii
1124 1106 1137 1124 ‚
1168 1076 1211 1117 ἃ
1229 1082 1424 1125 exempto
1446 1099 1459 1117 ,
1507 1081 1549 1108 ac
1567 1066 1748 1107 liberato
1769 1062 1867 1103 Ca-

553 1148 713 1190 nonico
749 1158 827 1201 pro
860 1140 1003 1184 diebus
1038 1134 1197 1177 tantum
1235 1129 1443 1172 ferialibus
1463 1125 1484 1168 a
1506 1122 1640 1166 Chori
1660 1120 1833 1163 servitio
1853 1149 1869 1168 ,

553 1220 660 1247 onus
680 1203 806 1245 trium
820 1197 1035 1241 Miffarurn
1056 1207 1134 1248 pro
1167 1189 1350 1245 qualibet
1375 1182 1631 1228 hebdomada
1650 1192 1766 1221 more
1787 1191 1868 1218 re-

554 1262 690 1321 gionis
725 1255 909 1316 inlpecto
929 1255 978 1296 ad
1012 1253 1319 1303 eleemosynam
1352 1242 1580 1287 manualem
1615 1234 1875 1295 proportio-

556 1320 746 1365 nabiliter
766 1316 813 1358 ad
832 1313 1108 1370 quantitatem
1125 1306 1359 1351 reddituum
1379 1302 1476 1345 esset
1492 1299 1777 1340 reducendum
1805 1324 1815 1334 .

497 1379 780 1423 EademSacra
807 1369 1095 1426 Congregatio
1113 1366 1254 1407 itidem
1271 1377 1379 1406 anno
1402 1357 1575 1414 1731.ad
1598 1367 1742 1411 preces
1763 1353 1875 1395 1³1·ae-

559 1434 726 1481 bendati
748 1433 853 1474 Pauli
873 1429 922 1469 de
942 1426 1074 1468 Maris
1097 1433 1299 1481 praecepit
1324 1449 1337 1467 ‚
1376 1417 1486 1474 quod
1507 1429 1611 1457 onus
1633 1410 1875 1452 interessen-

556 1496 597 1536 di
620 1492 770 1535 Chol-'0
792 1491 1062 1532 reduceretur
1095 1483 1142 1523 ad
1174 1479 1275 1520 selas
1317 1490 1410 1520 anni
1433 1470 1730 1515 Solemnitates
1751 1482 1876 1509 cum..

555 1548 811 1594 hebdomada
831 1544 976 1596 majori
1003 1575 1012 1590 ,
1048 1544 1090 1583 ἃ.
1114 1536 1309 1580 adomnia
1342 1530 1534 1577 solemnia
1566 1527 1676 1570 Festa
1711 1526 1878 1568 Cathe-

558 1609 681 1651 dralis
714 1604 882 1647 Colen.
903 1631 915 1650 ‚
945 1599 1063 1642 firma
1093 1609 1232 1638 tamen
1268 1590 1523 1647 obligatione
1575 1583 1873 1628 celebrationis

557 1669 683 1712 trium
718 1658 1070 1705 hebdomadalium
1109 1655 1348 1697 Miffarum:
1379 1644 1738 1706 Quemadmodum
1776 1656 1881 1696 quo·

558 1742 640 1779 que
658 1726 722 1767 die
737 1722 777 1762 8.
797 1720 895 1767 Jalii
915 1719 1032 1773 1769.
1057 1712 1230 1756 instante
1250 1722 1349 1750 tunc
1369 1704 1643 1748 Praebendato
1664 1700 1874 1742 Michaele

560 1780 876 1828 Cattani‚Sacra
891 1777 977 1817 baec
992 1769 1286 1824 congregatio
1308 1767 1347 1807 in
1368 1765 1438 1805 suo
1461 1765 1613 1804 robore
1631 1772 1879 1816 permanen-

561 1854 604 1885 te
626 1838 885 1893 obligatione
918 1833 1043 1876 trium
1079 1827 1292 1869 Milsarum
1313 1824 1350 1864 in
1374 1822 1555 1878 qualibet
1585 1816 1842 1860 hebdomada
1863 1844 1878 1863 ‚

562 1898 776 1941 servitium
795 1891 929 1935 Chori
955 1886 1115 1933 reduxit
1131 1887 1177 1924 ad
1197 1884 1302 1924 lolos
1324 1882 1408 1922 dies
1429 1877 1671 1920 Nativitatis
1703 1872 1876 1915 Domini

562 1953 803 2007 NostriJesu
824 1950 975 1993 Christi
999 1976 1013 1994 ,
1044 1940 1242 1985 paschatis
1264 1936 1596 1980 Resurreetionis
1613 1946 1707 1974 cum
1741 1933 1877 1972 tribus

563 2009 900 2073 prece-fientibus
921 2037 931 2052 ‚
966 2000 1227 2045 Pentecostes
1247 2026 1261 2051 ‚
1289 1996 1335 2040 ἃ
1354 1993 1565 2053 Corporis
1582 1988 1757 2033 Domini
1790 1988 1881 2031 No-

567 2072 636 2114 stri
655 2071 742 2124 jesu
763 2063 915 2107 Christi
936 2092 945 2104 .

509 2135 618 2177 Cum
643 2130 700 2169 bis
723 2125 922 2168 oneribus
942 2120 991 2161 de
1014 2116 1275 2159 eanonicam
1294 2109 1527 2153 Ufimbardi
1547 2108 1737 2166 provisus
1755 2103 1884 2147 fuerit

571 2185 797 2228 Odoardus
815 2179 995 2236 [gnatius
1021 2175 1113 2218 Zeti
1131 2171 1354 2217 Florentiae
1368 2172 1519 2225 degens
1534 2197 1547 2215 ,
1565 2167 1634 2222 qui
1650 2166 1738 2206 satis
1757 2174 1882 2219 agno-

570 2246 685 2288 scens
704 2239 979 2284 canonicales
999 2232 1180 2276 redditus
1200 2242 1433 2272 annuorum
1461 2228 1672 2268 scutorum
1709 2218 1886 2276 quinde-

571 2303 650 2344 cim
673 2305 721 2343 ab
747 2300 834 2355 ipso
856 2308 993 2338 tamen
1014 2306 1101 2333 non
1120 2292 1283 2342 integre
1305 2284 1671 2344 percipiendorum
1704 2280 1882 2332 impares

573 2360 646 2402 eff*
672 2355 946 2414 proferendo
961 2352 1168 2392 dumtaxat
1187 2346 1399 2390 Miffarum
1419 2356 1550 2385 onere
1571 2372 1580 2388 ,
1610 2339 1702 2378 dum
1719 2334 1883 2390 protri-

572 2418 648 2459 bus
669 2410 1030 2457 hebdomadalibus
1052 2405 1180 2449 Miffis
1201 2437 1211 2452 ‚
1243 2402 1444 2462 quaesunt
1461 2411 1567 2439 anno
1585 2391 1771 2449 quolibet
1789 2406 1886 2432 cen-

569 2486 658 2518 tum
679 2468 1051 2526 quinquagintasex
1076 2496 1088 2514 ,
1118 2463 1390 2520 requiruntur
1405 2467 1534 2499 annua
1566 2451 1674 2492 scuta
1710 2449 1884 2505 quinde-

570 2534 649 2575 cim
670 2563 682 2580 ‚
715 2530 886 2573 &obuli
907 2524 1114 2579 sexaginta
1130 2524 1179 2563 ad
1199 2519 1403 2560 rationem
1424 2508 1694 2562 eleemosynae
1720 2521 1880 2548 manua-

571 2591 617 2634 lis
636 2619 650 2640 ,
682 2604 776 2647 quae
796 2589 838 2631 iu
858 2601 905 2631 ea
922 2583 1116 2641 Regione
1134 2590 1244 2622 nunc
1264 2573 1318 2618 est
1335 2571 1426 2629 julii
1445 2567 1564 2612 unius
1583 2580 1664 2627 pro
1701 2566 1884 2666 quallxissbeiest

1833 2637 1841 2663 l
1876 2635 1896 2662 a
