2008 2964
577 62 630 104 28
985 68 1049 98 10.
1070 55 1280 99 Februarii
1302 56 1379 111 178
1392 68 1424 95 1.

574 119 687 164 lere,
714 116 770 160 &-
802 118 969 157 recitare
1000 143 1285 156 .......
1328 129 1378 154 ac
1407 115 1603 156 nonnulla
1634 114 1893 175 Annivcrsa-

574 179 634 217 ria
656 205 668 223 ‚
701 175 746 220 tl)-
761 174 904 229 Miffas
923 173 1045 213 latius
1074 174 1116 212 in
1136 173 1241 213 (Ιίίῖο
1269 171 1516 226 Testamento
1536 201 1549 219 ,
1579 171 1635 215 ὅσ
1651 174 1893 216 declaratio-

574 234 690 274 nibus
697 232 866 288 subinde
874 230 1022 287 secutis
1039 231 1279 270 demandata
1301 257 1314 277 ,
1348 229 1404 272 ὅσ
1419 231 1682 271 demandatas
1699 232 1893 275 celebrare

574 292 739 332 debeant
757 318 770 335 ,
804 288 859 332 <Sc
879 295 1092 328 teneantur
1107 315 1118 326 .
1139 305 1167 325 :z

517 347 766 392 Executioni
809 344 1051 385 demandata
1085 343 1333 398 Collegiatae
1369 342 1579 386 ereeiione
1621 373 1634 393 ‚
1683 345 1891 389 Canonici

577 418 676 447 tunc
696 400 896 456 temporis
915 431 929 450 ‚
963 400 1200 458 impositum
1220 401 1431 442 Miffarum
1446 416 1552 443 onus
1584 399 1760 457 implere·
1775 415 1886 460 puta.

573 472 674 505 runt
708 490 721 508 ,
750 459 1092 501 Conventualem
1130 458 1292 500 Miffam
1328 458 1412 499 una
1444 474 1535 500 cum
1565 458 1719 501 duabus
1753 460 1886 502 Missis

572 519 684 561 lectis
719 517 905 574 quotidie
937 517 1200 560 celebrantes
1217 546 1227 557 .
1263 516 1343 558 Sed
1376 518 1467 558 bon.
1502 531 1617 558 mem.
1656 517 1889 570 Coadjutot·

569 576 799 633 Episcopus
833 576 1005 617 Rubln'ni
1031 575 1070 615 in
1090 575 1336 616 Visitatione
1360 575 1496 616 habita
1513 590 1580 615 an.
1601 587 1721 630 1733.
1743 577 1890 619 decre·

571 636 637 677 vit
656 633 996 676 Conventualem
1018 633 1179 674 Missam
1215 647 1292 687 pro
1315 632 1510 686 Collegio
1531 632 1755 688 applicari,
1792 647 1884 674 non

570 691 710 734 omissa
743 691 982 747 quotidiana
1027 692 1074 732 ad
1111 691 1395 732 Fundatorum
1426 703 1605 731 mentem
1641 691 1766 733 trium
1788 691 1889 732 Mis-

573 751 705 792 sarum
723 749 1004 798 celebratione
1026 777 1037 790 .

513 810 609 853 Hoc
625 810 812 849 Decreto
832 819 1024 862 gravatos
1039 809 1074 848 se
1090 804 1166 847 esse
1183 805 1349 848 censent
1371 803 1559 847 moderni
1578 803 1800 854 Canonici‚
1818 803 1889 861 qui

564 875 725 907 attenta
742 866 926 922 superius
958 866 1084 906 relata
1103 864 1298 905 Matthiae
1318 863 1595 905 declaratione
1613 895 1624 913 ‚
1655 865 1710 905 sui
1733 877 1887 905 mune-

566 925 625 966 ris
644 938 782 979 partes
811 924 971 964 abunde
990 922 1156 976 explere
1175 922 1313 963 dicunt
1336 950 1349 968 ,
1365 920 1390 962 sl
1411 934 1566 976 praeter
1587 922 1748 964 Miffam
1768 921 1886 962 Con·
1933 920 1935 922 ’

566 982 806 1023 ventualem
842 1010 856 1028 ‚
890 980 1005 1021 aliam
1038 979 1200 1020 Miffam
1235 978 1376 1020 lectam
1412 977 1575 1031 singulis
1608 978 1751 1019 diebus
1780 979 1888 1019 cele-

571 1040 695 1080 brent
730 1070 739 1079 .
766 1038 914 1077 Preces
945 1038 1072 1090 igitur
1105 1033 1182 1083 jam
1217 1037 1265 1074 ab
1294 1045 1405 1074 anno
1444 1036 1569 1088 1778.
1612 1034 1706 1075 huic
1744 1035 1884 1077 Sacrae

567 1092 903 1149 Congregationi
925 1103 1235 1147 porrexerunt,
1266 1103 1310 1131 ut
1347 1088 1436 1132 voti
1465 1101 1684 1146 compotes
1704 1091 1853 1134 fierent
1874 1122 1883 1131 .

506 1152 687 1196 *Auditus
714 1150 939 1206 Episcopus
976 1149 1220 1205 Anagninus
1253 1147 1423 1189 miratur
1460 1148 1673 1203 quomodo
1699 1149 1800 1190 nihil
1835 1153 1886 1192 de

564 1209 762 1253 Matthiae
783 1207 952 1264 praefata
974 1205 1254 1249 declaratione
1273 1234 1286 1252 ‚
1312 1206 1360 1248 ⁴&
1375 1207 1545 1247 duarum
1579 1206 1792 1247 Miffarnm
1811 1205 1886 1256 irn-⁴

564 1265 804 1309 minutione
823 1265 864 1306 in
885 1266 1053 1307 Litteris
1070 1263 1329 1320 Apostolicis
1354 1264 1583 1319 expressum
1604 1263 1884 1316 inveniatur;

566 1324 693 1379 Justas
713 1336 848 1366 autem
867 1353 879 1370 ,
904 1324 957 1367 ὃς
980 1336 1117 1378 aequas
1138 1320 1333 1362 existimat
1353 1322 1673 1363 Canonicorum
1693 1336 1838 1377 preces
1856 1340 1886 1362 =

566 1382 705 1436 Quare
731 1382 752 1437 (
768 1381 977 1422 concludit
996 1381 1016 1436 )
1044 1379 1328 1428 aninmclversis
1346 1389 1426 1421 tum
1446 1379 1539 1420 aliis
1551 1380 1736 1421 oneribus
1751 1409 1764 1428 ‚
1789 1397 1884 1439 quie

567 1440 877 1481 Canonicatlbus
891 1439 1122 1496 Collegiotae
1144 1438 1322 1491 Ecclefiae
1351 1439 1448 1492 sunt
1481 1438 1643 1478 adnexa
1665 1465 1677 1484 ‚
1708 1449 1792 1480 tum
1828 1449 1883 1481 te-

563 1500 719 1539 nuitate
743 1497 943 1538 redituum
965 1526 977 1543 ,
1011 1497 1084 1551 qui
1100 1494 1149 1536 ab
1168 1493 1257 1551 ipfis
1278 1495 1444 1536 Reffore
1459 1525 1472 1543 ‚
1505 1496 1549 1540 ὼ·
1567 1495 1780 1537 canonicis
1789 1511 1883 1552 per-

563 1557 772 1610 cipluntur
797 1581 810 1600 ,
839 1554 950 1610 ,effem
988 1555 1030 1594 in
1052 1550 1165 1608 sensu
1197 1555 1485 1593 concedendam
1522 1553 1593 1609 effe
1625 1555 1679 1594 ad
1698 1552 1881 1606 formam

568 1612 758 1654 codicilli
786 1610 974 1665 (nempe
1009 1610 1304 1650 declarationis
1338 1623 1413 1665 per
1437 1609 1659 1652 Matthiam
1692 1610 1882 1667 emissae)

564 1672 734 1710 duarum
764 1668 978 1722 Missurum
997 1669 1264 1710 reduc‘fionem
1285 1697 1298 1716 ,
1330 1666 1402 1721 nisi
1418 1669 1534 1709 aliud
1561 1669 1749 1726 expedire
1775 1670 1881 1711 vide.

563 1727 672 1768 bitur
688 1726 802 1768 Emis
816 1727 1005 1768 Patribus
1019 1743 1048 1764 ε·-
1063 1754 1073 1766 .

507 1782 792 1826 Conditiones
812 1813 824 1831 ,
859 1782 902 1826 ὅτ.
920 1798 1051 1825 onera
1068 1783 1285 1825 Beneficiis
1311 1779 1491 1835 injunc’ta
1510 1782 1707 1840 religiose
1723 1780 1876 1827 servari

565 1842 719 1884 debent
741 1857 752 1890 3
787 1841 903 1893 juxta
924 1843 1199 1883 Tridentinum
1221 1843 1313 1898 Seff.
1340 1853 1406 1896 25.
1427 1845 1476 1884 cle
1489 1843 1665 1896 Reform.
1685 1857 1770 1899 cap.
1789 1851 1829 1895 5.
1849 1858 1878 1879 =

565 1899 623 1941 'ibi
656 1918 684 1938 =
714 1900 889 1954 Quando
907 1901 1035 1956 igitur
1053 1914 1107 1941 ex
1129 1899 1408 1954 beneficiorum
1425 1913 1765 1957 quorumcumque
1791 1913 1876 1940 ere⁴

559 1961 691 2002 &ione
707 1987 720 2005 ‚
745 1958 1068 2011 seusunclatione
1087 1985 1099 2003 ,
1129 1967 1202 1997 aut
1225 1957 1318 1997 allis
1333 1957 1682 2010 Constitutionibus
1701 1987 1714 2005 ‚
1745 1957 1877 2014 quali-

559 2026 661 2058 tates
676 2016 824 2069 aliquoe
842 2014 1105 2068 requiruntur
1125 2043 1138 2060 ,
1150 2016 1214 2067 feu
1232 2025 1338 2055 certa
1356 2016 1439 2056 illis
1457 2029 1578 2055 onera
1594 2014 1672 2068 fint
1687 2015 1873 2070 injztrzHa

559 2076 598 2114 in
621 2071 902 2127 beneficiorum
919 2070 1163 2120 collatione,
1186 2074 1256 2128 seu
1288 2074 1328 2111 in
1348 2086 1600 2127 quacumque
1631 2074 1712 2114 alia
1740 2074 1870 2127 difflo-

542 2130 690 2187 fixione
709 2159 721 2176 ‚
747 2130 810 2170 eis
839 2143 920 2168 non
934 2130 1147 2183 derogetur
1161 2147 1188 2167 =
1205 2159 1216 2170 .
1251 2129 1491 2170 Videndum
1510 2129 1653 2184 itaque
1688 2130 1726 2171 in
1746 2131 1834 2171 casu
1854 2156 1870 2176 ‚

554 2185 605 2227 de
624 2201 708 2241 quo
728 2186 862 2241 agitur
880 2215 893 2232 ‚
926 2200 1019 2239 quae
1039 2184 1114 2227 {int
1135 2187 1347 2227 Miffarum
1372 2200 1500 2228 onera
1519 2185 1697 2238 injunfta
1713 2218 1724 2229 .
1762 2189 1867 2227 Haee

556 2257 602 2284 ut
620 2243 728 2287 reci&
743 2244 1030 2298 inspiciantur,
1045 2244 1181 2285 sedulo
1200 2244 1253 2284 est
1270 2245 1614 2300 perpendendum
1632 2259 1682 2285 an
1702 2243 1867 2296 utrique

555 2301 715 2342 insimul
749 2300 980 2342 testantium
1000 2315 1048 2342 ex
1066 2301 1259 2343 condicio
1275 2330 1287 2348 ‚
1319 2316 1369 2343 an
1392 2303 1516 2343 etiarn
1535 2301 1868 2343 asterieommsn·

559 2361 717 2415 perstiti
738 2359 865 2401 fuerit
883 2360 1082 2400 attributa
1099 2359 1264 2401 facultas
1287 2360 1588 2406 commutandi,
1605 2359 1868 2413 proindeque

555 2431 695 2459 utrum
728 2417 810 2459 sola
828 2417 1112 2468 Matthiajure
1139 2415 1287 2458 fecerit
1316 2416 1527 2458 Miffarum
1548 2413 1830 2457 reductionem
1853 2449 1862 2457 .

556 2474 661 2516 Illud
689 2489 858 2530 quoque
877 2475 1177 2530 inspiciendum
1198 2505 1210 2522 ‚
1244 2488 1293 2514 an
1314 2473 1482 2516 Litterae
1508 2471 1763 2527 Apostolicae
1779 2475 1862 2515 Te-

556 2533 742 2574 stamenti
764 2533 1018 2574 solummodo
1041 2561 1054 2580 ‚
1086 2531 1468 2573 veldeclarationis
1501 2529 1622 2570 etiam
1657 2545 1732 2585 per
1753 2533 1867 2574 Mat-

555 2590 683 2633 thiam
714 2591 864 2633 emissae
896 2589 1102 2632 rationem
1132 2588 1385 2633 habuerint.
1405 2584 1601 2644 Denique
1634 2588 1865 2633 discutien-

1770 2648 1871 2690 dum
