2002 2959
600 112 666 139 11.
687 97 797 140 Maii
820 98 936 152 1782.
960 126 962 129 »
1403 101 1456 146 67
1519 108 1522 111 '

130 157 284 215 proprii
301 155 483 212 Episcopi
502 155 705 213 judicium
727 154 808 208 refu
844 159 926 198 iens
969 155 1076 197 circa
1107 154 1330 197 doffrina‘m
1350 184 1363 203 ‚
1395 157 1459 198 vel
1484 193 1487 196 .

133 218 205 273 qui
223 215 271 255 ab
289 231 333 256 eo
350 224 513 269 propter
527 217 733 270 cognitum
748 216 796 255 de
814 214 940 255 edium
959 242 972 260 ‚
989 227 1070 268 quo
1088 213 1244 256 laboret
1264 216 1369 261 ‚snec
1382 214 1458 256 Or·

136 276 250 315 dines
268 302 281 319 ‚
311 287 380 314 nec
399 271 699 326 Attestntionem
720 281 900 326 expetere
914 271 1035 325 ausus
1044 269 1180 327 fuiſjet
1211 300 1225 318 ‚
1256 273 1457 313 nihilomi-

137 344 213 371 nus
229 332 478 372 advocantis
499 329 680 384 Ecclefice
697 328 896 383 Diaecestm
935 338 1129 381 repetente
1159 329 1360 371 advolans
1388 329 1458 372 Vi-

137 389 249 430 cario
267 389 491 443 Capitulari
505 387 757 444 subreperet,
789 396 834 428 ut
850 385 1000 428 alicubi
1033 399 1104 427 nec
1128 385 1454 445 semel'accidiffe

139 456 382 500 compertum
401 445 452 497 eft
471 474 481 484 .
1158 491 1161 493 ‚
1187 466 1191 467 ⁷
1236 474 1238 479 ι
1406 462 1410 466 ‘

83 503 260 548 Monuit
278 503 374 543 San.
395 502 528 544 Mem.
550 503 634 545 Leo
668 503 719 542 X.
759 501 797 541 in
817 498 1138 542 Constitutione
1169 516 1197 538 =
1215 502 1460 545 ·Dum‘lnter

136 564 280 603 mentis
298 574 448 602 arcana
468 579 490 600 z
511 560 620 601 edita
637 560 702 600 die
725 572 760 598 1.
780 558 926 599 Martii
945 557 1068 610 1518.
1089 556 1244 613 §.110
1280 561 1460 616 Regula-

139 634 209 661 res
229 637 255 656 =
272 618 339 660 Aa
359 619 526 659 Ordines
536 616 798 672 promovendi
810 630 886 668 pet·
907 614 1149 656 Ordinarios
1166 616 1215 657 de
1237 631 1459 673 gramma-

143 680 224 720 tica
246 705 258 723 ,
294 676 581 731 (VJ-sufficientia
599 674 830 715 examinari
845 701 858 720 ,
893 673 938 719 tb-
953 673 1170 714 dummodo
1194 685 1457 731 competenter

148 735 430 791 respondeant,
441 746 514 789 per
528 732 677 788 eosdem
697 730 936 772 Ordinarios
953 729 1244 773 Iibereadmitti
1263 762 1276 780 ,
1295 747 1344 776 ac
1362 733 1462 774 nul-

143 792 301 833 latenus
315 792 356 831 in
375 804 513 833 eorum
531 788 710 843 Ecclefiis
725 818 737 836 ‚
758 789 824 844 feu
845 788 1042 829 Domibus
1057 817 1070 836 ,
1099 798 1174 830 aut
1207 791 1304 833 aliis
1321 804 1462 833 eorum

143 849 242 892 locis
253 848 302 889 ab
318 848 401 890 alio
421 849 576 905 quamn
598 846 827 905 Dioecesano
845 846 1036 903 Episcopo
1055 875 1067 894 ,
1098 845 1162 888 vel
1179 845 1267 902 ejus
1292 849 1458 892 Vicario

132 907 254 964 super
270 907 346 948 hoc
360 921 449 949 cum
468 906 596 948 debita
616 906 834 947 reverentia
856 903 1044 962 requifito
1062 934 1075 952 ‚
1105 903 1161 947 ὅσ
1175 905 1319 963 absque
1335 908 1464 949 ratio-

141 964 267 1005 nabili
281 965 400 1020 causa
413 964 709 1006 contradicente
723 993 737 1012 ,
766 962 829 1004 vel
841 977 887 1003 eo
903 978 927 1004 a
948 961 1112 1017 Diaecefi
1130 962 1285 1019 absente
1314 968 1368 1007 ad
1401 965 1464 1005 di-

141 1023 227 1063 ctos
243 1021 409 1064 Ordines
420 1023 649 1077 promoveri
664 1021 829 1063 debeant
857 1037 886 1058 =
920 1019 1028 1061 Cum
1046 1030 1183 1061 autem
1201 1021 1289 1077 post
1309 1022 1464 1066 Leonis

141 1079 377 1122 Decretum
395 1079 647 1122 Tridentina
665 1078 857 1133 synodus
878 1079 1194 1136 Sess-o3.cap.8.
1218 1081 1269 1121 de
1283 1080 1465 1135 Reform.

142 1137 334 1177 statuerit
354 1167 367 1185 ,
400 1149 485 1179 ut:
509 1138 787 1195 Unusquisque
801 1152 825 1178 a
836 1138 1000 1192 proprio
1017 1137 1207 1193 Episcopo
1225 1141 1435 1182 ordinetur
1451 1169 1465 1188 ‚

142 1194 284 1248 gravis
306 1194 403 1236 hinc
428 1194 606 1238 excitata
623 1193 998 1237 fuitcontroverfia
1015 1223 1028 1241 ‚
1060 1207 1112 1235 an
1150 1194 1299 1238 statuta
1318 1211 1338 1239 a
1370 1198 1462 1240 Sac.

142 1250 600 1309 Concilio,ReguIares
615 1253 736 1296 etiam
755 1253 1159 1310 complecterentur.
1176 1253 1468 1313 Quaestionem

149 1308 258 1351 hanc
273 1309 466 1353 definivit
487 1311 529 1353 S.
549 1310 643 1354 Pius
660 1311 715 1353 V.
747 1312 789 1354 in
825 1312 1081 1369 Apostolicis
1127 1311 1275 1354 litteris
1306 1331 1333 1351 =
1369 1313 1468 1369 Etsz

145 1367 474 1410 Mendicantium
495 1370 664 1412 Ordines
692 1389 720 1408 =
747 1371 816 1412 {ua
848 1372 987 1412 datum
1014 1370 1096 1412 diei
1117 1371 1182 1412 16.
1211 1371 1320 1412 Maii
1344 1371 1469 1426 1567.

152 1424 240 1480 §.p
261 1424 331 1465 ubi
355 1425 583 1468 declaravit
597 1428 819 1469 Concilium
840 1429 1118 1471 Tridentinum
1129 1430 1211 1486 ses.
1228 1444 1296 1484 23.
1317 1444 1404 1487 cap·
1428 1430 1468 1470 8·

148 1483 346 1525 neminem
368 1512 382 1531 ,
408 1483 480 1539 nifi
502 1499 526 1524 a
537 1487 703 1542 proprio
724 1485 915 1541 Episcopo
932 1487 1116 1527 ordinari
1138 1488 1249 1543 poffe
1256 1486 1440 1541 statuens
1458 1517 1469 1525 .

147 1543 190 1582 in
210 1542 479 1598 Regularibus
495 1541 629 1585 locum
642 1558 723 1585 non
743 1542 915 1592 habere3
947 1545 1002 1584 ita
1019 1544 1132 1598 quod
1148 1543 1311 1585 Fratres
1340 1542 1475 1600 hujus·

147 1601 260 1640 modi
270 1599 463 1655 praefatos
482 1629 496 1648 ,
523 1602 643 1641 etiam
663 1601 810 1641 Sacros
829 1600 998 1641 Ordines
1016 1615 1039 1640 a
1053 1599 1232 1656 quolibet
1252 1600 1439 1655 Antistite
1458 1629 1472 1648 ,

146 1658 326 1713 gratiam
349 1688 358 1703 ‚
390 1657 445 1701 ὅσ
457 1660 777 1700 communionem
796 1657 1031 1713 Apostolicae
1045 1659 1160 1700 Sedis
1176 1658 1341 1700 habente
1359 1685 1372 1704 ‚
1385 1658 1474 1700 Or·-

149 1716 301 1756 dinarii
316 1716 393 1757 loci
409 1716 573 1757 minime
587 1714 775 1772 requifita
789 1716 964 1761 licentia,
984 1717 1024 1756 in
1043 1716 1143 1758 locis
1162 1744 1174 1762 ,
1193 1716 1266 1771 seii
1280 1715 1469 1757 domibus

151 1772 343 1813 Fratrum
364 1773 596 1830 hujusmodi
612 1803 626 1821 ,
659 1783 730 1814 aut
747 1774 844 1815 alibi
858 1774 1030 1828 recipere
1039 1771 1185 1827 poffint
1202 1802 1212 1813 .

96 1828 260 1876 ,Verum
275 1843 367 1871 cum
390 1831 588 1886 graviora
606 1832 645 1872 in
662 1831 748 1874 dies
766 1831 984 1873 orirentur
1002 1828 1155 1872 diffidia
1169 1832 1398 1886 Regulares
1418 1833 1477 1873 in-

153 1898 220 1929 ter
237 1917 249 1935 ,
282 1888 327 1930 &
344 1888 574 1945 Episcopos
594 1918 607 1936 ,
637 1901 684 1931 ut
701 1889 767 1931 iila
802 1887 1088 1943 compesceret
1105 1890 1340 1944 Gregorius
1358 1891 1469 1931 XIII.

154 1943 219 1985 die
231 1945 359 2000 prima
377 1946 521 1988 Martii
546 1958 666 2002 1573.
685 1947 726 1988 in
744 1944 1062 1988 Constitutione
1083 1974 1096 1994 ,
1129 1946 1245 1999 cujus
1267 1946 1430 1989 initium
1447 1964 1476 1984 =

153 2002 199 2042 In
217 2011 326 2044 tanta
347 2019 479 2046 rerum
494 2022 522 2041 =
541 2018 633 2060 quae
651 2004 798 2047 favore
819 2003 1032 2045 ordinum
1050 2004 1323 2060 Regularium
1344 2006 1476 2048 statu-

157 2072 198 2100 ta
218 2090 231 2108 ,
267 2059 310 2101 ἃ.
343 2062 508 2104 decreta
533 2061 704 2104 fuerant
725 2093 740 2111 ,
772 2061 1007 2104 immutavit
1040 2091 1054 2109 ,
1089 2064 1322 2119 eodemque
1359 2078 1473 2105 anno

157 2116 373 2173 propofito
391 2133 412 2160 a
427 2120 650 2163 Monachis
670 2117 1116 2163 Carthufianis-Dubio
1129 2140 1156 2160 =
1173 2120 1241 2163 An
1261 2121 1384 2176 nostri
1402 2122 1478 2163 Or-

158 2176 326 2217 dinandi
338 2176 561 2234 obligentur
575 2180 718 2222 habere
733 2178 951 2235 expreffam
970 2174 1173 2221 licentiam
1194 2180 1420 2227 Ordinarii,
1433 2182 1476 2221 in

158 2233 276 2287 cujus
294 2233 452 2285 Diaecefi
473 2236 569 2289 sunt
598 2237 907 2290 pro‘Ordinibtaes
922 2234 1169 2287 conferendis
1200 2239 1249 2279 ab
1271 2236 1468 2292 Episcopo

158 2291 327 2333 alterius
340 2290 532 2344 -Dioecefis
547 2310 576 2329 =
588 2293 790 2334 Laudatus
807 2293 1002 2336 Pontifex
1014 2309 1042 2329 =
1056 2293 1189 2336 Etiam
1206 2308 1261 2336 ex
1268 2294 1474 2349 sententia

160 2349 253 2391 Sac.
278 2349 614 2407 Congregationis
638 2350 807 2392 Concilii
838 2350 1058 2393 declaravit
1087 2351 1262 2407 obligari
1294 2370 1315 2391 ε
1350 2350 1417 2391 lib.
1441 2364 1477 2391 1.

162 2409 306 2449 decret.
321 2418 495 2464 pag.75.
518 2435 531 2453 ,
561 2406 606 2448 &
634 2406 790 2448 idcirco
810 2408 1046 2449 Gallemart.
1075 2410 1179 2449 add.
1210 2408 1303 2450 Sac.
1326 2409 1477 2450 Concil.

163 2465 326 2519 less.23.
344 2479 428 2519 cap.
447 2466 486 2504 8.
510 2464 680 2506 sustine-t
698 2494 711 2511 ,
754 2464 865 2519 quod
890 2464 1118 2519 Regulares
1140 2464 1227 2520 post
1247 2466 1477 2521 Gregorio·

164 2535 259 2562 nam
278 2522 642 2563 Constitutionem
660 2522 797 2563 abillo
816 2522 1026 2578 Episcopo
1047 2523 1231 2564 ordinari
1256 2524 1479 2572 debebant,

164 2579 205 2619 in
225 2580 337 2630 cuius
355 2579 537 2622 Dioecess
556 2581 817 2622 Coenobium
837 2579 955 2621 situm
974 2590 1061 2621 erat
1084 2611 1097 2628 ‚
1121 2582 1188 2622 vel
1204 2582 1253 2622 ab
1279 2581 1365 2638 ipso
1385 2583 1480 2623 scri·

164 2650 255 2695 ptas
275 2637 428 2679 litteras
445 2639 641 2679 obtinere
661 2670 674 2688 ,
709 2638 857 2693 quibus
893 2639 941 2680 ab
977 2638 1061 2680 aliis
1080 2638 1297 2697 EpiIcopis
1324 2640 1405 2682 rite
1434 2639 1484 2681 ad

167 2697 353 2741 Ordines
374 2698 617 2750 promoveri
636 2699 800 2754 possent
820 2729 829 2738 .

295 2755 478 2797 ΤοιηώΙ.
945 2756 963 2797 1
994 2769 1018 2796 2
1390 2755 1489 2798 Vita
