2002 2959
533 116 573 158 3.
590 100 762 161 Augusti
785 105 902 160 1782.
1382 120 1462 163 113

130 176 156 217 p
171 171 258 203 erta
289 159 459 201 fu'rffent
477 189 491 208 ‚
522 160 675 202 idcirco
695 164 782 203 usus
797 164 849 204 est
870 160 1063 204 facultate
1076 162 1143 203 fibi
1175 175 1195 204 a
1214 161 1309 204 Sac.
1331 163 1461 206 Con-

130 219 381 273 gregatione
403 218 554 260 tributa
574 219 850 261 transferendi
872 219 975 261 dida
1002 220 1215 262 Musarum
1245 236 1373 264 onera
1403 224 1453 265 ad

132 273 356 317 Ecclesiam
395 276 751 330 Praeposituralem
786 277 915 319 Caliri
949 277 1093 318 Mhffae
1116 308 1128 326 ,
1167 278 1233 318 ubi
1271 279 1449 322 fideliter

137 333 369 375 Testatoris
390 334 580 375 voluntas
597 336 846 391 adimpletur
867 363 877 374 .
911 335 1092 375 Demum
1123 335 1330 391 postrema
1352 339 1456 380 rela-

145 391 261 438 tione
281 392 336 432 ita
352 390 561 432 concludit
577 411 604 430 =
625 394 790 449 Quodsi
810 395 847 433 in
860 393 1177 446 praecedentibus
1195 397 1292 434 meis
1310 397 1458 438 litteris

143 450 314 490 dixerim
339 447 536 502 tenujores
552 445 623 505 effe
639 452 814 491 redditus
835 448 956 501 liujus
975 445 1256 504 Coppellunhe,
1270 453 1346 493 lioc
1364 456 1458 510 affe-

138 507 206 546 rui
219 507 352 550 habito
370 509 540 562 resperni
561 509 617 546 nd
629 509 729 548 bona
747 523 769 547 a
791 506 1000 560 Testatore
1017 506 1214 564 affignata
1235 537 1247 556 ‚
1281 524 1368 551 cum
1384 525 1456 553 nec
1478 538 1500 546 ¹.

139 565 196 604 mi
213 567 325 607 lzinec
343 564 638 622 ipfisfratribus
652 567 698 605 de
715 565 888 604 Pavonis
903 565 1122 605 innotuerit
1146 565 1454 618 lustramentum

138 622 188 661 de
203 638 309 664 cinno
335 637 455 679 1709.
473 620 692 675 confeffctm
711 650 724 669 ,
755 623 994 677 quoclnuper
1022 621 1300 665 communitas
1316 626 1356 665 in
1377 641 1460 669 me-

146 680 459 738 diumproduxit
473 697 500 715 =
520 708 530 719 .

84 742 287 801 Quamvis
317 740 370 779 ob
398 734 595 788 sacrificij
630 737 919 780 excellentiam
962 737 1060 779 nihil
1093 738 1342 780 detrimenti
1375 738 1454 794 piis

82 795 86 800 ”
144 792 450 841 fundatoribus
475 795 672 837 obveniat
695 828 707 844 ‚
739 795 764 836 fi
785 797 919 838 Miffae
943 796 1198 838 Sacrificium
1219 798 1259 837 in
1283 811 1361 838 una
1376 811 1453 852 po·-

143 858 222 898 tius
243 884 255 902 ,
274 867 393 906 quam
413 853 453 893 in
474 852 547 893 alia
566 853 738 894 Ecclesia
763 855 1032 910 adimpleatur
1048 884 1060 903 ‚
1092 867 1230 897 tamen
1283 854 1453 907 quando

146 923 264 956 certa
283 908 461 953 Ecclesia
478 909 685 965 designata
703 912 756 953 est
778 942 790 958 ‚
807 913 848 953 in
869 927 914 954 ea
934 944 946 961 ‚
981 912 1025 955 ἃ.
1052 927 1137 954 non
1161 911 1253 954 alibi
1290 912 1457 954 Sacrifi-

144 972 207 1014 cia
239 968 378 1026 peragi
406 968 590 1017 debent3
624 973 716 1027 Qua
740 971 789 1011 de
813 985 854 1012 re
873 972 920 1011 ab
958 984 1038 1012 una
1075 971 1122 1011 ad
1161 971 1277 1012 aliam
1308 969 1457 1011 Eccle-

143 1029 238 1071 fiam
258 1039 342 1068 non
366 1025 617 1081 permittitur
636 1028 850 1070 translatio
874 1060 885 1076 ,
922 1043 972 1069 ne
993 1027 1222 1070 Testatnris
1263 1027 1458 1069 voluntas

141 1087 406 1128 subvertatur
425 1114 437 1130 ‚
470 1097 578 1125 neve
597 1085 699 1126 illius
719 1087 909 1128 Ecclesiae
932 1086 1141 1128 minuatur
1158 1088 1290 1129 cultus
1312 1116 1321 1125 .
1357 1085 1455 1127 Na-

139 1157 229 1186 var.
246 1146 288 1184 in
322 1141 513 1183 Mnnunl.
535 1156 620 1198 cop.
641 1154 708 1197 25.
732 1151 957 1199 nuin.'134.
996 1145 1146 1186 Cevall.
1177 1143 1319 1203 quaeft.
1351 1142 1457 1184 686.⁴

139 1216 250 1243 num.
275 1200 314 1241 6.
335 1227 348 1246 ‚
367 1199 508 1253 Atque
527 1199 680 1243 idcirco
701 1201 928 1243 Sacrorum
948 1202 1167 1244 translatio
1207 1216 1301 1244 cum
1335 1215 1457 1257 aper·

143 1269 228 1300 tam
248 1257 616 1300 commutationem
637 1259 871 1315 praeseferat
892 1259 1077 1315 permitti
1102 1273 1187 1301 non
1208 1259 1311 1301 solet
1336 1288 1348 1305 ‚
1382 1255 1456 1299 nis}

142 1315 257 1369 juxta
274 1346 286 1364 ,
316 1313 360 1356 &
382 1314 635 1357 rationabilis
657 1319 771 1358 caula
789 1328 1016 1359 concurrat
1035 1331 1047 1365 3
1080 1316 1212 1359 Causa
1233 1328 1371 1358 autem
1393 1314 1458 1367 ju·-

143 1372 197 1414 ssa
214 1388 258 1414 ea
276 1372 429 1413 dicitur
449 1401 461 1419 ‚
493 1387 588 1427 quae
610 1373 889 1416 necessitatem
910 1373 1071 1416 suadeat
1089 1375 1356 1417 immutandae
1379 1376 1462 1415 Τε-

147 1430 310 1472 statoris
332 1428 589 1477 voluntatis,
617 1445 700 1484 quo
719 1432 808 1472 casu
831 1446 914 1472 non
935 1432 1116 1474 absoluta
1148 1432 1321 1476 mutatio
1341 1460 1353 1478 ‚
1391 1431 1460 1471 sed

145 1486 447 1543 ‘interpetratio
466 1486 603 1541 potius
623 1486 773 1529 dicitur
794 1504 805 1530 :
826 1491 955 1530 Piton.
990 1492 1038 1530 de
1055 1489 1243 1532 Controv.
1285 1490 1456 1530 Patron.

150 1547 316 1603 allegat.
340 1557 407 1600 50.
428 1559 583 1585 nimm-
605 1545 1103 1604 Pignotell.consult.148.
1126 1559 1213 1600 '²4-
1234 1558 1332 1588 tom.
1357 1557 1398 1599 4.

95 1606 188 1650 Sac.
223 1602 507 1658 Congregatio
541 1602 658 1644 caute
702 1605 738 1645 se
774 1603 890 1659 geffit
933 1604 973 1644 in
1016 1603 1244 1655 hujusmodi
1280 1604 1460 1644 transla-

152 1662 337 1705 tionibus
355 1660 636 1702 concedendis
663 1690 675 1707 ,
694 1663 836 1716 easque
855 1661 1015 1716 semper
1046 1659 1192 1712 rejecit
1227 1658 1252 1699 s1
1279 1659 1462 1702 necesti-

152 1733 214 1764 tas
247 1719 446 1761 deficeret
465 1746 477 1764 ,
499 1728 543 1758 ut
565 1719 606 1758 in
623 1716 892 1774 Neapolitana
910 1719 1267 1774 Cappelloniorum
1298 1720 1358 1758 16.
1379 1719 1461 1764 Ju-

152 1778 214 1831 nij
236 1790 354 1832 1731.
392 1778 432 1816 in
461 1776 596 1818 Vicen.
629 1776 926 1817 Translotionis
963 1777 1094 1817 oneris
1129 1776 1343 1831 Mifforum
1387 1787 1465 1828 19·*

155 1836 308 1892 Aprilis
331 1833 451 1889 1766.
467 1833 699 1876 Praesertim
721 1831 746 1873 s1
766 1832 1014 1875 fundatoris
1032 1833 1192 1874 cineres
1213 1830 1372 1873 conditi
1392 1828 1458 1871 fo-

157 1904 256 1934 rent
275 1893 315 1933 in
342 1888 519 1933 Ecclesia
537 1890 602 1933 ubi
619 1891 842 1933 Sacrorum
861 1891 1085 1933 celebratio
1106 1890 1346 1931 demandata
1364 1888 1418 1929 est
1444 1918 1461 1937 ,

159 1950 265 1992 utin
286 1949 504 1993 Bononien.
536 1951 677 2008 Legati
703 1950 915 2006 Mcffarum
942 1960 1005 2004 15.
1036 1948 1267 1990 Decembris
1304 1960 1422 2003 1742·
1442 1976 1460 1996 ,

160 2008 217 2053 ὅσ
233 2009 273 2049 in
297 2009 502 2051 Uxentina
519 2009 796 2051 celebrationis
813 2007 1024 2064 Miffnrmn
1051 2008 1114 2049 16.
1138 2006 1319 2048 Decemb.
1334 2018 1456 2059 1743.

162 2066 220 2110 ὃς
236 2065 484 2121 13.]anuorj
507 2067 627 2120 1748.
650 2095 660 2106 .
681 2065 846 2107 Contra
864 2079 967 2107 vero
986 2063 1297 2107 translationem
1320 2060 1464 2101 indul-

162 2121 210 2164 sst
229 2122 392 2173 quoties
412 2123 662 2166 rationabilis
687 2125 800 2166 causa
830 2154 844 2172 ,
878 2124 945 2166 vel
981 2137 1135 2179 urgens
1173 2119 1384 2164 neceffitas
1417 2119 1462 2159 id

162 2181 352 2222 suaderet
377 2209 389 2227 ‚
419 2191 463 2220 ut
481 2181 522 2221 in
542 2183 699 2239 Piscien.
721 2184 1043 2225 commutationis
1057 2182 1274 2223 voluntatis
1294 2192 1363 2220 21.
1378 2177 1467 2223 Ju-

161 2237 224 2292 nij
243 2251 362 2294 1721.
384 2239 423 2279 in
443 2238 661 2280 Bononien.
682 2243 736 2281 ad
753 2255 768 2280 1
783 2241 969 2282 »dubium
991 2239 1061 2281 28.
1079 2237 1195 2292 Junij
1228 2249 1347 2292 1724·
1376 2263 1388 2280 ‚
1421 2235 1466 2279 dy

168 2299 208 2338 in
228 2297 389 2338 Comen.
411 2295 705 2337 Translationis
720 2298 929 2353 Miffarum
950 2309 1018 2351 24.
1046 2293 1241 2336 Novemb.
1269 2292 1390 2346 1764.

109 2356 323 2397 fundator
339 2352 549 2398 Miffarurn
570 2354 895 2395 celebrationem
911 2350 1054 2394 indixit
1096 2353 1137 2392 in
1156 2348 1332 2392 Ecclefia
1369 2346 1473 2387 San-

170 2411 220 2452 ffi
240 2412 418 2467 Philippi
443 2410 558 2462 Nerij
579 2441 591 2458 ‚
625 2410 668 2452 &
687 2410 796 2451 Petri
816 2410 866 2451 de
885 2410 1113 2451 Alcantera
1132 2408 1309 2462 proprio
1327 2416 1410 2443 aere
1442 2414 1469 2443 a

165 2468 446 2510 fundamentis
463 2470 660 2515 excitata,
683 2468 738 2513 ὃς
757 2468 796 2508 in
817 2481 894 2524 qua
929 2468 1066 2523 postea
1100 2464 1345 2523 sepulcrum·
1374 2458 1462 2522 ele·-

172 2526 229 2582 git
252 2553 265 2571 ,
296 2529 585 2582 mandavitque
606 2539 836 2583 praeterea,
856 2525 966 2580 quod
982 2523 1209 2566 imminutis
1233 2517 1466 2561 reddttlbus

168 2585 380 2623 bonorum
401 2611 414 2629 ,
445 2601 536 2639 quae
557 2586 637 2640 ipse
663 2583 929 2639 assignaverat
951 2614 963 2633 ,
999 2579 1186 2623 haeredes
1209 2587 1465 2620 tenerentur

171 2639 365 2696 praestare
383 2653 644 2693 augmentum
664 2641 935 2693 eleemosynae
965 2654 1042 2696 pro
1073 2636 1205 2678 Miffis
1242 2633 1458 2690 perpetuis
1514 2674 1517 2677 ,

168 2700 312 2740 aTaxa
334 2695 526 2748 Synodali
551 2730 564 2746 ,
598 2704 641 2744 ὰ.
659 2716 678 2740 a
707 2703 796 2741 Sac.
819 2696 1163 2751 congregatione
1200 2692 1456 2791 praefioitzg

293 2754 473 2795 Tom.LI.
1004 2756 1034 2796 P
1453 2759 1474 2793 *j
