2024 2964
508 165 574 193 22.
594 151 825 193 Decembris
846 145 973 204 1781:
1337 144 1415 199 189
1449 173 1451 175 ·

202 207 542 250 ELEVITANA
575 240 586 250 .
620 209 932 262 Juspatronatus
960 203 1212 263 Cappell'ae2
1243 203 1416 247 Altaris-
1449 198 1626 257 Seli-35„
1645 205 1796 257 cap'.9.j

214 282 293 322 que
321 266 485 317 majoris
508 267 564 307 fiti
602 267 642 308 in
675 264 854 305 Ecclesia
890 265 1054 304 Patrum
1091 263 1413 306 Carmelitarum
1449 259 1498 302 de
1514 259 1691 317 Reform<²

107 327 433 365 excalceatorum
454 324 649 366 Civitatis
668 352 682 371 ‚
712 336 805 376 quae
840 321 964 362 hodie
998 333 1262 377 nuncupatur
1281 321 1419 378 Cespi-

102 396 179 423 cua
199 383 399 424 Dioecelis
418 380 651 423 Melitensis
668 379 715 421 ad
733 379 830 419 duas
857 379 1045 435 pertinet
1093 378 1271 432 ejusdem
1301 379 1422 422 Civi-

103 440 200 479 tatis
222 441 407 481 Familias
439 469 452 487 ,
482 439 708 496 Azupardo
738 436 968 477 Castelletti
1002 436 1180 484 scilicet,
1210 452 1254 479 ac
1278 439 1423 481 Testa-

106 496 261 537 ferrata
281 527 290 536 .
324 499 453 539 Anno
478 508 599 554 1715.
629 497 695 536 has
730 494 836 535 inter
856 494 1037 535 Familias
1077 495 1234 535 exortis
1258 495 1424 538 dissidiis

106 555 232 608 super
251 553 699 611 difioJurepatronatu
720 580 732 598 ‚
765 566 811 592 ea
841 550 1006 593 diremit
1046 550 1285 594 Transac'iio
1321 554 1425 607 ipsas

104 610 220 652 inter
239 611 772 659 celebrata,affentientibus
803 641 813 657 ‚
846 608 1254 665 approbantibulque
1297 611 1426 652 Patri.

107 667 182 709 bus
204 669 440 711 Cal-melitis
454 667 738 724 capitulariter
761 668 1028 722 congregatis
1046 696 1057 706 .
1093 667 1208 707 Inter
1242 666 1354 723 pach
1375 669 1422 711 in

107 727 249 767 eadem
285 727 583 767 Transafflone
612 736 823 766 conventa
855 753 868 771 ,
898 724 1046 765 favore
1075 725 1306 780 Azupardo
1325 726 1420 768 Ca-

106 783 271 824 stelletti
293 783 388 824 illud
405 782 484 824 fuit
501 812 513 830 ‚
552 782 662 838 quod
682 781 840 823 licitum
860 781 993 824 eidem
1011 781 1111 823 esset
1140 799 1168 820 =
1197 783 1304 824 nella
1334 783 1426 835 fac·

106 844 212 884 clato
227 841 271 880 cli
281 843 388 882 detto
415 841 513 883 Ven.
538 842 680 883 Altare
698 841 806 895 verso
826 840 865 881 la
884 855 1004 882 mano
1023 839 1148 891 delira
1181 852 1343 883 mettere
1358 843 1425 885 le..

104 899 431 954 armigerztiligie
447 900 631 954 dellasucz
649 898 851 956 Famlglia
886 900 926 939 in
961 899 1093 954 lapide
1109 912 1332 942 marmorea
1353 929 1368 947 ‚
1398 914 1424 940 o

105 955 255 997 d'czltra
273 958 438 997 maceria
458 959 481 996 ὰ
501 957 559 998 [αἱ
575 958 645 998 ben
660 955 754 1004 vilia
776 955 869 998 coli'
888 956 1114 1013 [sermione
1132 984 1144 1003 ‚
1171 957 1242 999 che
1260 958 1422 1012 lipare·

106 1015 153 1054 νὴ
169 1043 181 1061 ,
207 1028 230 1054 ο
251 1013 478 1070 nell’isteffa
494 1028 603 1056 orme
620 1043 635 1061 ,
665 1029 688 1054 o
722 1015 764 1054 in
793 1029 848 1055 un
881 1014 985 1055 oltra
1019 1014 1345 1070 lapc‘cleseparata
1367 1017 1422 1056 da

100 1072 260 1126 ponerfi
278 1073 317 1112 in
334 1074 428 1127 quel
441 1073 579 1128 Luogo
602 1101 615 1120 ,
643 1073 715 1126 pi&
725 1070 1021 1129 gl'aggraderr'z
1040 1071 1148 1112 nella
1163 1083 1282 1126 parte
1297 1073 1427 1124 destra

108 1130 154 1168 Αἰ
168 1131 274 1170 detto
300 1128 398 1170 Vere.
417 1129 560 1170 Altare
577 1158 592 1176 ‚
616 1131 792 1184 potentio
809 1143 959 1170 ancora
975 1129 1098 1184 sopra
1117 1130 1223 1170 detta
1256 1129 1429 1186 iscrizio-

110 1201 159 1227 ne
169 1200 319 1241 ponere
334 1186 402 1226 μα’
422 1186 527 1228 altra
546 1187 694 1244 Lepide
704 1185 799 1229 coll'
816 1188 921 1229 armi
933 1187 1142 1246 gentilizie
1171 1187 1214 1228 di
1236 1189 1316 1242 sua
1334 1187 1425 1237 Faf

110 1245 252 1285 micrlia
275 1273 285 1283 .

50 1277 439 1344 Nuncocanonicus
452 1301 632 1355 Ioannes
652 1300 788 1343 Maria
804 1331 818 1350 ‚
849 1300 1014 1357 ejusque
1029 1301 1178 1343 Frater
1198 1300 1431 1358 Azzopar-

110 1358 150 1399 di
170 1358 394 1401 Castelletti
413 1360 453 1400 in
469 1359 759 1402 executionem
776 1359 894 1402 dicive
913 1358 1224 1401 Transaffionis
1243 1375 1430 1416 apponte

111 1430 158 1458 re
179 1427 427 1473 exoptantes
444 1431 718 1459 marmoream
739 1418 1053 1474 inscriptionem
1084 1432 1177 1459 cum
1198 1417 1427 1460 Stemmate

109 1474 320 1529 gentilitio
341 1474 522 1516 Familiae
540 1476 621 1517 suae
644 1475 849 1530 superiori
871 1476 949 1517 basi
979 1505 992 1524 ,
1024 1475 1090 1517 cui
1126 1475 1235 1517 binae
1255 1475 1431 1517 Colum-

110 1546 178 1573 nae
197 1533 358 1574 dexteri
377 1532 531 1575 Altaris
549 1533 688 1575 lateris
707 1532 939 1575 immediate
962 1534 1157 1575 nituntur
1190 1562 1204 1580 ‚
1235 1533 1431 1574 volunta-

112 1591 146 1630 ti
165 1590 356 1632 Fratrum
373 1590 601 1635 Castelletti
620 1591 698 1632 sese
719 1592 1010 1648 opposuerunt
1028 1592 1167 1631 Patres
1184 1589 1429 1632 Carmelitae

113 1648 358 1690 obnitentes
377 1662 462 1690 non
482 1649 733 1706 appositioni
753 1649 973 1690 marmorei
992 1648 1133 1705 lapidis
1150 1662 1243 1689 cum
1263 1647 1432 1702 gentili-

115 1706 174 1746 tio
190 1705 415 1748 Stemmate
438 1736 451 1754 ,
484 1708 550 1748 sed
569 1708 664 1750 loco
685 1706 896 1748 dumtaxat
915 1706 1025 1747 illius
1045 1705 1319 1762 appositionis
1339 1737 1348 1750 ‚
1370 1706 1431 1746 su-

114 1762 314 1805 stinentes
335 1764 534 1807 indecens
549 1765 626 1806 effe
649 1795 661 1814 ‚
696 1764 943 1822 gentilitium
964 1764 1164 1811 Stemma,
1186 1761 1433 1818 profanum·

115 1833 197 1872 que
216 1835 538 1864 monumentum
555 1822 724 1879 affigere
745 1823 787 1862 in
805 1820 911 1864 <1130
935 1821 1030 1863 loco
1050 1821 1072 1862 a
1105 1821 1301 1862 Patronis
1322 1835 1434 1876 prae-

117 1877 306 1935 scripto,
333 1881 404 1934 qui
435 1881 476 1921 in
512 1884 655 1923 eadem
690 1879 796 1922 linea
827 1891 1046 1927 maneret,
1080 1878 1121 1919 in
1150 1893 1230 1935 qua
1252 1879 1308 1922 est
1328 1880 1437 1921 Arae

117 1935 266 1977 Mensa
286 1966 300 1986 ,
331 1940 375 1980 ὄῑ,
394 1938 615 1980 Ciborium
634 1969 645 1980 .

59 1994 202 2051 Quare
216 1994 377 2036 Fratres
395 1996 632 2052 Azzopardi
661 1995 893 2039 Castelletti
908 1993 1076 2036 Patroni
1101 2007 1251 2049 preces
1287 2006 1439 2051 porre-

116 2063 272 2092 xerunt
293 2051 383 2093 huic
401 2053 540 2096 Sacrae
556 2054 894 2110 Congregationi
915 2083 928 2101 ,
962 2051 1217 2108 postulantes
1238 2081 1252 2100 ‚
1282 2063 1327 2093 ut
1368 2051 1439 2092 de-

119 2108 300 2149 claretur
322 2140 332 2156 ,
364 2108 453 2164 ipsis
471 2110 627 2153 licitum
655 2111 735 2154 esse
787 2113 828 2154 in
861 2110 1108 2168 praescripto
1130 2111 1226 2153 loco
1260 2123 1438 2151 marmo-

122 2179 239 2206 reum
258 2165 454 2221 Lapidem
473 2184 565 2210 cum
586 2169 794 2225 gentilitio
806 2169 1035 2213 stemmate
1055 2167 1319 2210 collocandi.

60 2222 294 2278 Episcopus
312 2222 387 2264 suit
404 2238 481 2280 pro
500 2225 802 2269 informatione
825 2256 839 2275 ,
868 2227 914 2269 ἃ.
951 2237 1058 2266 voto
1079 2223 1296 2280 requisitus
1315 2253 1326 2263 .
1365 2224 1439 2265 Ast

124 2280 232 2322 Sede
251 2281 482 2337 Episcopali
502 2294 601 2325 tunc
620 2295 814 2332 vacante,
843 2283 987 2327 retulit.
1002 2282 1192 2324 Vicarius
1212 2280 1440 2336 Capitula-

121 2339 179 2379 ris
200 2368 213 2386 ,
244 2339 391 2393 ipsum,
413 2338 655 2381 instantibus
672 2340 1168 2383 PatribusCarmelitis,ad
1185 2335 1438 2378 differentiae

124 2394 263 2436 locum
282 2396 480 2438 accesfiffe
503 2427 515 2444 ‚
545 2397 779 2451 Altarisque
814 2427 827 2445 ,
858 2398 903 2439 &
935 2396 1156 2452 Cappellae
1192 2394 1439 2435 delineatio·

123 2467 218 2494 nem
240 2468 333 2495 cum
364 2455 455 2497 loco
489 2456 767 2496 controverso
803 2451 1126 2495 fieri'mandalie
1146 2482 1159 2501 ‚
1187 2465 1232 2492 ac
1271 2450 1440 2493 demum

125 2522 270 2551 votum
298 2513 408 2552 suum
425 2512 587 2567 aperuit
604 2511 794 2554 Patronis
813 2510 1032 2553 conforme
1053 2540 1064 2552 .

68 2567 199 2609 Causa
216 2569 474 2624 proponitur
495 2601 504 2611 .
538 2571 701 2611 Fratres
720 2568 959 2626 Azzopardi
981 2566 1214 2609 Castelletti
1242 2567 1305 2608 sua
1323 2566 1443 2619 jura„

124 2626 372 2686 deducunt,
406 2628 554 2684 quibus
575 2657 588 2677 ‚
618 2628 783 2686 aliisque
804 2627 826 2671 a
848 2625 1035 2686 Patribus
1055 2625 1294 2671 Carmelitis
1315 2624 1441 2666 dedu·

1329 2696 1442 2725 cen·
