2002 2959
508 116 575 158 23.
598 103 836 146 Novembris
860 104 982 161 1782.
1349 120 1423 163 171

110 159 289 203 affirmat
311 188 323 206 ,
356 158 478 215 idque
514 163 665 217 probat
699 177 749 203 ex,
767 162 960 218 Episcopi
996 161 1196 204 relatione
1213 191 1226 210 ,
1259 160 1304 204 ἃ.
1322 163 1423 220 plu-

114 217 223 258 rium
257 217 570 262 Canonicorum
589 220 734 273 juratis
757 220 1110 276 depositionibus.
1149 221 1310 261 Praeter
1344 221 1426 263 lau-

116 274 248 316 dabile
265 275 473 318 servitium
494 280 689 320 accedere
710 277 832 318 etiam
847 277 1094 320 senefiutem
1116 308 1124 323 ‚
1144 292 1189 319 ac
1206 279 1425 328 morbum,

116 347 211 374 cum
225 332 510 387 sexageslmum
529 347 721 389 quartum
741 335 871 376 aetatis
892 347 1044 376 annum
1071 335 1152 388 jam
1184 337 1429 392 compleve-

115 390 204 438 rit,
238 389 280 432 &
298 391 386 431 dira
404 391 619 433 oculorum
641 393 797 432 laborer.
815 391 1055 432 infirmitate
1074 420 1084 430 .

56 445 242 490 Sustinet
277 458 484 501 praeterea
517 449 743 502 reiciendas
762 448 838 490 effe
869 448 1142 489 conditiones.
1165 463 1187 488 a
1215 450 1424 492 nonnullis

115 504 425 560 Capitularibus
462 505 695 562 propositas
725 534 738 552 ‚
769 519 865 558 quas
896 504 939 544 in
972 505 1139 548 Indulto
1167 505 1426 557 Jubilationis

115 562 236 614 adjici
256 561 409 604 debere
430 575 676 619 proponunt
694 591 705 602 .
742 562 947 602 Observat
975 562 1082 603 enim
1106 563 1252 618 vigore
1271 564 1424 605 Indulti

118 619 379 673 Jubilationis
400 622 618 661 immunem
637 619 723 660 fieri
740 619 788 659 ab
805 617 994 661 omuibus
1014 620 1195 676 Capituli
1215 623 1425 663 oneribus.

120 679 243 732 eique
269 676 510 723 tribuendos
531 676 608 716 elle
627 690 768 718 omnes
801 675 979 724 fructus,
1013 680 1056 718 ὄῑ,
1086 677 1392 718 distributiones
1413 710 1424 725 ,

118 749 214 789 quae
248 735 296 774 ab
315 734 397 775 aliis
416 733 641 774 Canonicis
663 734 811 775 Clioro
843 733 1177 777 iutereffentibus
1212 734 1426 777 lucrantur

121 804 215 832 cum
235 790 421 832 Ecclefiae
454 790 650 832 inservire
684 792 896 831 censeatur
931 792 999 846 qui
1036 793 1123 847 post
1152 792 1394 834 diuturnum
1415 823 1429 841 ‚

117 848 165 891 ἃ,
194 847 392 889 laudabile
412 847 624 901 servitium
639 847 834 903 quiescit.
868 847 956 889 Nec
979 849 1087 891 re&e
1106 850 1265 904 opponi
1297 851 1429 892 divini

118 905 252 947 cultus
271 905 568 947 detrimentum
588 936 601 953 ‚
634 906 677 948 δι.
696 904 977 960 praejudicium
999 906 1187 949 Ecclesiae
1218 907 1429 949 obventu-

119 976 216 1004 rum
235 965 288 1004 ob
307 962 391 1015 eius
408 976 428 1004 a
449 963 594 1005 Choro
614 963 860 1012 absentiam3
889 964 1085 1006 Advertit
1106 965 1214 1020 quod
1234 978 1431 1007 numerus

119 1020 437 1062 canonicorum
465 1050 478 1068 ,
519 1021 562 1062 &
592 1020 940 1076 Cappcllanorum
984 1021 1242 1064 cathedralis
1276 1025 1323 1064 ad
1356 1024 1428 1064 vi·-

119 1077 228 1132 giuti
248 1093 372 1119 unum
392 1079 666 1133 protendatur
688 1108 700 1126 ,
735 1093 756 1119 a
775 1079 917 1133 quibus
938 1079 1113 1135 demptis
1134 1080 1293 1121 duobus
1325 1081 1431 1133 jubi-r

119 1135 245 1176 litatis
265 1165 277 1183 ‚
309 1137 353 1177 ἃ.
378 1136 508 1178 altero
545 1136 709 1178 infirmo
733 1167 746 1184 ,
779 1136 909 1178 adhuc
946 1137 1159 1193 supersunt
1180 1136 1322 1179 decem
1342 1167 1356 1185 ,
1389 1138 1434 1179 &

121 1192 281 1247 septem
303 1193 562 1247 Capitulares
580 1223 592 1240 ‚
627 1195 694 1249 qui
714 1192 877 1235 servato
909 1196 1053 1236 ordine
1075 1194 1334 1237 alter-nativae
1357 1196 1432 1236 Di-

113 1245 271 1291 ¹vinum
291 1250 489 1291 Officium
512 1251 679 1305 psallere
702 1281 712 1295 ‚
751 1251 1002 1306 caeterasque
1035 1253 1161 1294 sacras
1197 1251 1433 1296 functione:

126 1307 324 1349 decenter
344 1318 542 1365 peragere
564 1308 751 1364 possunt.

65 1364 136 1406 Ab
155 1365 283 1406 altera
300 1367 418 1406 Parte
438 1367 532 1406 licet
553 1366 712 1407 monita
731 1365 829 1406 nihil
850 1364 1040 1409 haetenus
1064 1367 1280 1411 deductum
1301 1368 1355 1410 est
1374 1395 1390 1420 ξ

66 1423 299 1477 Episcopus
321 1423 535 1463 coufirmat
557 1425 803 1464 continuum
826 1452 839 1470 ‚
873 1422 917 1463 ἃ.
934 1423 1131 1464 laudabile
1153 1425 1360 1466 servitium
1382 1427 1432 1466 ab

126 1481 313 1521 Oratore
329 1480 562 1520 cathedrali
587 1479 772 1521 Eccleliae
793 1479 1018 1536 praestitum
1035 1510 1048 1528 ,
1080 1481 1227 1522 refellit
1248 1481 1434 1524 adductas

125 1551 148 1577 a
168 1537 476 1590 Capitularibus
496 1537 780 1593 oppositiones
798 1567 811 1586 ,
831 1551 877 1579 ac
898 1538 1061 1578 demum
1081 1550 1224 1580 votum
1241 1539 1433 1595 aperiens

125 1594 597 1647 jubilatiouiassentitur
620 1625 632 1643 ‚
663 1607 706 1636 ut
741 1609 788 1636 ex
822 1595 908 1648 ejus
946 1594 1147 1638 relatione
1167 1625 1180 1644 ‚
1210 1610 1302 1651 quae
1325 1598 1437 1639 inter

131 1664 401 1694 monumenta
423 1653 564 1693 Causae
585 1653 757 1694 habetur
772 1682 783 1693 .

69 1709 242 1752 Nullum
261 1710 521 1765 privilegium
541 1710 582 1750 in
600 1711 687 1763 jure
707 1711 900 1766 scriptum
928 1710 1080 1766 legitur
1105 1741 1114 1756 ‚
1143 1724 1227 1765 quo
1249 1709 1438 1753 Canoni-

129 1767 186 1809 cis
203 1796 215 1814 ,
246 1768 314 1822 qui
337 1768 556 1808 multorum
571 1782 772 1810 annorum
793 1768 920 1823 spatio
935 1767 1125 1810 Ecclesiae
1147 1768 1340 1810 laudabile
1361 1769 1443 1809 ser-

130 1823 278 1864 vitium
298 1825 578 1879 praestiterunt
602 1856 613 1874 ‚
630 1825 834 1866 ludultum
853 1825 1055 1866 abessendi
1073 1841 1095 1867 a
1112 1825 1263 1866 Choro
1287 1840 1442 1867 conce·

130 1883 283 1922 datur:
317 1882 472 1924 Novar.
503 1884 606 1929 cons.
633 1897 693 1923 12.
723 1884 791 1924 lib.
811 1897 851 1936 3.
875 1885 924 1925 de
961 1883 1100 1925 Cleric.
1137 1898 1216 1924 non
1250 1884 1443 1939 reficient:

131 1937 292 1979 Verum
313 1969 325 1987 ,
361 1955 453 1981 cum
473 1941 512 1980 in
532 1941 663 1981 veteri
685 1941 772 1995 lege
794 1940 982 1981 statutum
1001 1941 1096 1982 effet
1115 1970 1128 1989 ‚
1170 1952 1216 1981 ut
1240 1941 1309 1994 qui
1332 1955 1352 1982 a
1373 1943 1444 1982 vi-

130 1994 284 2051 gesimo
302 1999 448 2051 quinto
469 1997 516 2037 ad
531 1998 903 2054 quinquagesimum
923 1999 1054 2041 aetatis
1076 2011 1226 2039 anuum
1250 1997 1290 2037 in
1311 1999 1440 2039 Tem·

131 2053 206 2108 plo
222 2052 482 2096 ministerium
501 2055 610 2097 suum
629 2068 814 2097 accurate
836 2055 1077 2111 implevisset
1095 2086 1108 2104 ,
1124 2057 1173 2097 ab
1189 2055 1304 2096 omni
1325 2055 1441 2097 dein-

134 2124 233 2164 ceps
267 2123 393 2165 opere
416 2142 428 2160 ‚
463 2112 506 2153 ἃ.
541 2113 680 2154 labore
709 2113 899 2154 immunis
935 2114 1133 2154 evaderet
1166 2113 1439 2154 Numerorum

132 2169 251 2208 Libro
268 2183 353 2223 cap.
368 2169 407 2208 8.
440 2169 590 2222 &ipsae
609 2173 908 2227 Imperatorum
930 2171 1036 2226 leges
1067 2171 1276 2211 veteranis
1294 2171 1441 2212 Militi-

135 2227 210 2266 bus
232 2225 437 2266 honestam
459 2225 684 2267 missionem
705 2242 726 2268 a
743 2228 947 2268 laboribus
968 2228 1236 2282 indulgebant
1255 2242 1267 2275 ;
1300 2230 1392 2284 Leg.
1415 2229 1440 2267 ὰ

134 2284 358 2325 muneribus
375 2283 421 2342 ff.
441 2285 488 2323 cle
505 2294 630 2325 vacat.
656 2313 669 2331 ,
701 2286 745 2329 ἆ]-
774 2286 951 2341 excusat.
969 2298 1121 2325 muner.
1151 2313 1163 2330 ,
1196 2285 1239 2329 dy
1272 2286 1349 2340 leg.
1395 2298 1436 2323 1.

137 2341 235 2382 Cocl.
257 2344 304 2382 de
320 2351 436 2382 veter.
454 2340 591 2381 lib-12.
611 2369 624 2388 ,
643 2340 698 2380 ita
718 2355 768 2382 ne
789 2341 1028 2395 novaelegis
1050 2341 1249 2386 Ministri,
1275 2339 1441 2382 Levita-

133 2414 225 2441 rum
241 2428 253 2446 ,
284 2400 327 2440 ἃ.
346 2397 530 2438 Militum
550 2397 815 2438 Saecularium
834 2397 1056 2438 deterioris
1080 2397 1206 2437 effent
1226 2398 1436 2438 conditio-

134 2455 196 2497 nis
215 2485 227 2503 ,
260 2455 516 2510 sequioribus
539 2453 794 2508 temporibus
813 2452 1024 2494 inductum
1047 2453 1102 2494 est
1125 2483 1138 2501 ‚
1174 2466 1217 2495 ut
1249 2453 1436 2496 Cmoni-

136 2514 172 2555 ci
194 2544 202 2559 ,
236 2514 389 2568 aliique
411 2513 578 2554 let-vitio
600 2511 786 2553 Ecclesiae
806 2510 948 2552 addicti
972 2512 1064 2566 ‚qui
1087 2526 1162 2566 per
1180 2526 1310 2554 annos
1328 2527 1436 2567 qua-

130 2571 318 2623 draginta
341 2570 548 2610 continuo
569 2600 582 2618 ,
618 2569 931 2610 &laudabiliter
965 2568 1149 2610 Ecclesiis
1186 2570 1262 2610 suis
1303 2570 1440 2610 inser-

134 2630 323 2673 vierunt,
350 2629 566 2669 vacatione
593 2627 821 2682 gauderent
839 2657 851 2674 ,
870 2625 970 2681 quin
993 2625 1250 2670 exfructious
1273 2627 1439 2670 suorum

152 2684 455 2729 Beneficiorum
471 2685 690 2742 quidquam
709 2683 944 2728 amitterent
964 2715 972 2725 .

259 2743 445 2786 Tom.Ll.
864 2744 891 2783 Y
924 2754 947 2782 2
1348 2742 1434 2784 Du-
