2002 2959
569 136 646 190 143
935 129 1005 183 ¹14.
1030 128 1282 185 Septembris
1300 127 1424 184 1782:

558 207 613 235 no
638 189 757 245 1778.
777 186 818 227 in
842 184 1048 240 relatione
1072 190 1207 229 Status
1226 183 1417 227 Ecclesiae
1441 183 1479 225 id
1497 183 1557 227 isti
1575 185 1888 248 sac-Congre:
1946 184 1955 207 ‘

554 247 713 304 gationi
735 243 1011 301 exposuisset,
1044 243 1285 300 responsum
1306 241 1446 285 habuit
1467 272 1481 293 ,
1519 246 1634 298 quod
1665 244 1887 303 Capitula-

557 319 624 347 res
659 302 930 359 compelleret
969 302 1016 343 ad
1038 302 1305 343 obtinendam
1319 300 1649 343 declarationem
1673 332 1686 351 ‚
1720 308 1889 349 num‘il-

559 364 693 405 lorum
712 360 890 403 Ecclesia
908 360 1004 401 effer
1024 357 1174 403 revera
1193 359 1424 416 Collegiata
1445 389 1454 400 .
1474 359 1675 403 Mandata
1694 363 1886 406 ERNV.

559 431 755 462 executus
776 418 829 460 esi
851 419 1079 475 Episcopus
1102 449 1112 465 ,
1146 429 1268 473 atque
1289 418 1454 474 insuper
1475 417 1516 459 in
1548 419 1677 460 altera
1695 421 1890 473 pastorali

556 478 815 522 Visitatione
835 476 1001 533 expleta
1016 490 1127 519 anno
1151 478 1272 532 1781.
1295 474 1525 517 Canonicis
1547 475 1757 533 praedictis
1777 493 1891 521 onus

556 537 734 587 iniunxit
758 535 908 576 Choro
929 533 1243 578 interveniendi
1268 563 1280 582 ‚
1297 534 1343 576 &
1359 532 1521 577 Missam
1544 547 1624 590 pro
1645 534 1893 580 Benefaeto„

557 595 671 636 ribus
691 593 879 649 quotidie
908 592 1141 650 applicandi
1166 608 1177 642 3
1213 594 1300 634 Hac
1328 594 1518 633 novitate
1552 592 1729 648 perculsi
1760 593 1889 637 iidem

557 651 763 694 Canonici
783 651 947 706 gemina
981 651 1104 693 dubia
1139 649 1179 693 in
1220 652 1331 693 calce
1350 649 1603 707 transcripta
1623 649 1756 693 Sacro
1791 650 1886 695 huic

557 708 774 752 Confessui
789 707 1026 751 definienda
1044 720 1329 766 proponunt.
1620 744 1631 747 Δ
1816 745 1821 747 Δ

500 769 567 813 Ad
590 769 618 808 1.
639 767 862 808 advertunt
878 796 891 814 ‚
925 781 1000 808 nec
1021 768 1067 809 ad
1087 767 1284 808 assiduum
1300 766 1432 807 Chori
1454 765 1669 806 servitium
1689 795 1701 812 ,
1735 780 1813 808 nee
1832 768 1884 809 ad

559 824 843 881 quotidianam
864 824 1001 866 Missae
1014 823 1339 880 applicationem
1357 823 1462 877 adigi
1485 823 1597 877 posse
1620 854 1630 869 ,
1666 823 1737 864 nisi
1771 824 1892 878 priusv

557 885 770 941 probetur
789 894 937 924 eorum
956 880 1179 923 Ecclesiam
1199 882 1275 924 este
1301 895 1401 923 vere
1417 879 1722 934 Collegiatam;
1755 883 1880 924 Hanc

558 955 665 984 vero
687 939 979 994 qualitate-min
1002 938 1179 981 Ecclesia
1198 939 1240 981 S.
1268 938 1474 981 Leonardi
1507 939 1675 995 prorsus
1699 939 1882 981 deficere

557 999 757 1041 sustinent
778 1027 790 1045 ,
822 1010 897 1039 nec
919 995 1044 1039 ullum
1064 997 1376 1039 remotissimum
1411 1006 1707 1050 argumentum
1728 995 1886 1039 Colle·-

556 1057 756 1112 gialitatis
776 1055 927 1097 desumi
949 1055 1059 1111 posse
1078 1083 1090 1096 .
1123 1055 1325 1110 Inquiunt
1345 1054 1456 1098 enim
1475 1068 1687 1110 nunquam
1709 1053 1781 1096 hac
1805 1055 1886 1096 de,

553 1129 604 1156 re
625 1113 882 1171 Apostolicas
903 1113 1059 1157 litteras
1079 1113 1291 1170 expeditas
1308 1112 1424 1156 fuisse
1445 1141 1458 1161 ,
1491 1126 1586 1170 quae
1605 1112 1780 1153 omnino
1809 1127 1887 1153 re·-

550 1173 784 1229 quirnntur
805 1202 818 1222 ,
850 1183 895 1213 ut
915 1170 1050 1226 aliqua
1069 1171 1248 1216 Ecclesia
1267 1170 1499 1226 hujusmodi
1520 1170 1724 1225 dignitate
1743 1169 1881 1211 done-

555 1242 655 1270 tur:
688 1233 840 1273 Lotter.
874 1232 983 1273 dere
1000 1229 1176 1286 Benefic.
1214 1231 1283 1272 lib.
1309 1245 1345 1271 1.
1378 1228 1515 1287 qim-st.
1545 1240 1610 1282 14.
1645 1242 1757 1269 num.
1776 1229 1846 1281 38.
1870 1235 1887 1269 .“

560 1288 722 1329 Statum
749 1297 958 1342 praeterea
982 1289 1226 1344 expendunt
1244 1288 1429 1328 omnium
1450 1286 1774 1327 Praebendarum
1809 1284 1882 1325 di-

559 1344 635 1386 &ae
655 1343 848 1387 Ecclesiae
869 1372 884 1393 ,
916 1354 1040 1399 atque
1061 1359 1112 1385 ex
1135 1345 1294 1387 illarum
1314 1343 1575 1386 institutione·
1607 1342 1886 1396 collegialita-

560 1413 645 1443 tem
665 1403 840 1443 omnino
859 1401 1019 1442 excludi
1038 1402 1245 1443 affirmant
1267 1431 1277 1442 .
1852 1422 1858 1434 ι

502 1461 686 1515 Pergunt
706 1458 802 1500 inde
821 1459 868 1498 ad
889 1457 997 1500 adius
1027 1458 1216 1514 expletos
1249 1460 1298 1499 ab
1331 1457 1544 1515 Episcopis
1565 1455 1679 1498 Oldo
1701 1484 1715 1504 ,
1744 1457 1789 1497 &
1805 1457 1886 1497 Pau

554 1515 747 1558 lombella
765 1545 777 1558 .
813 1515 1054 1557 Observant
1073 1516 1325 1571 Episcopum
1345 1517 1459 1558 Oldo
1480 1517 1563 1557 duo
1583 1525 1728 1556 vetera
1744 1514 1883 1554 bene—

555 1575 645 1616 ficia
663 1572 740 1626 jam
759 1571 892 1614 crena
912 1572 954 1612 in
974 1572 1151 1616 Ecclesia
1166 1573 1209 1614 S.
1226 1573 1379 1616 Mariae
1412 1575 1459 1617 ad
1485 1584 1664 1629 quatuor
1705 1570 1853 1612 auxisse
1867 1601 1882 1621 ‚

555 1631 659 1686 quin
682 1630 808 1672 ullum
827 1631 876 1671 de
898 1629 1151 1686 Collegiatae
1171 1630 1386 1673 ereftione
1407 1633 1583 1673 verbum
1602 1625 1876 1686 fecerit;Epi-

555 1690 725 1744 scopum
743 1702 848 1730 vero
868 1688 1118 1730 Palombella
1140 1689 1307 1732 illorum
1329 1689 1644 1732 translationem
1668 1688 1716 1728 ad
1733 1687 1881 1730 Eccle-

557 1747 652 1789 fiam
676 1746 718 1787 S.
745 1745 951 1787 Leonardl
972 1745 1143 1788 statuisse
1166 1776 1180 1795 ,
1211 1748 1361 1802 quibus
1378 1748 1445 1789 sex
1482 1747 1580 1788 alios
1600 1747 1876 1800 Presbyteros

559 1819 608 1847 cx
630 1802 696 1860 pia
718 1802 985 1859 dispositione
1003 1805 1191 1846 Praesulis
1212 1805 1408 1847 Ginneui
1428 1805 1632 1846 institutos
1651 1803 1840 1845 addidifle
1863 1832 1877 1850 ‚

557 1862 603 1904 ἃ
623 1861 809 1917 quamvis
827 1862 876 1902 de
897 1875 1009 1903 anno
1036 1874 1158 1919 1755.
1175 1862 1215 1903 in
1235 1862 1324 1905 anu
1345 1863 1434 1905 Sac.
1453 1860 1709 1904 Visitationis
1730 1858 1876 1901 die'tam

554 1918 779 1962 Ecclesiam
799 1918 839 1960 in
860 1919 1132 1977 Collegiatam
1152 1921 1335 1963 erexerit
1352 1936 1438 1963 non
1456 1920 1549 1962 inde
1569 1931 1704 1962 tamen
1728 1916 1875 1959 inferri

553 1977 668 2034 poffe
688 1976 794 2033 ipsos
808 1976 1020 2019 adstriflos
1039 1979 1116 2020 effe
1153 1981 1202 2021 ad
1241 1978 1565 2021 interessendum
1590 1976 1740 2018 Choro
1769 2005 1784 2022 ‚
1830 1974 1876 2016 ὅτ,

552 2035 717 2076 Missam
738 2048 815 2089 pro
830 2035 1170 2078 Benefaetoribus
1191 2036 1378 2091 quotidie
1413 2035 1694 2090 applicandam
1714 2063 1724 2075 .
1761 2032 1871 2075 Cum

554 2092 881 2146 Collegiatarum
901 2092 1057 2132 erenio
1074 2093 1231 2134 Summi
1258 2093 1472 2135 pontificis
1505 2091 1748 2133 auetoritate
1774 2105 1874 2134 om··.

556 2149 661 2189 nino
698 2148 861 2204 expleri
885 2148 1034 2190 debeat
1064 2150 1211 2192 Lotter.
1247 2153 1296 2194 de
1328 2166 1371 2194 re
1389 2150 1551 2208 benefic.
1569 2152 1612 2191 d.
1636 2148 1772 2207 quaest,
1796 2159 1860 2201 14.

556 2208 624 2248 lib.
651 2220 684 2247 1.
705 2222 812 2247 num.
896 2236 908 2248 .

497 2265 674 2311 Addunt
694 2219 929 2319 insupei9ex
949 2264 1205 2309 fundationis
1221 2262 1311 2322 lege
1330 2267 1465 2308 teneri
1496 2266 1705 2308 dumtaxat
1721 2263 1868 2307 Choro

553 2322 746 2363 interesse
762 2321 1050 2378 fingulisFestis
1065 2324 1114 2365 de
1131 2337 1351 2381 praecepto
1370 2325 1535 2380 aliisque
1549 2321 1764 2378 designatis
1784 2321 1867 2362 die-

553 2380 627 2420 bus
647 2409 659 2427 ‚
691 2379 734 2421 &
763 2380 926 2422 Miffam
963 2396 1040 2436 pro
1061 2381 1404 2424 Benefac‘toribus
1435 2382 1642 2439 applicare
1678 2378 1866 2433 qualibet

552 2438 618 2480 die
639 2437 864 2479 Dominico
884 2469 896 2486 ,
928 2450 1052 2494 atque
1074 2440 1168 2482 hinc
1195 2452 1374 2495 arguunt
1390 2455 1499 2481 nova
1515 2453 1643 2483 onera
1665 2437 1869 2492 superad-

549 2496 684 2538 denda
704 2510 790 2537 non
813 2497 890 2537 effe
912 2526 925 2544 ‚
957 2498 1120 2552 quoties
1141 2498 1348 2554 perspecta
1368 2501 1459 2539 sunt
1479 2498 1541 2539 illa
1562 2528 1571 2543 ‚
1590 2509 1682 2549 quae
1707 2508 1757 2534 ex
1773 2493 1867 2535 fun-

551 2553 719 2595 datione
739 2554 955 2611 adimpleri
974 2556 1127 2597 debent
1148 2558 1395 2599 :Monacell.
1414 2554 1860 2610 foi·m11l.legal.tom.4.

544 2612 721 2668 supplem
757 2615 811 2654 ad
832 2628 977 2671 Lpog-
999 2615 1067 2655 28.
1093 2630 1201 2654 num.
1224 2626 1322 2666 241.
1928 2616 1929 2619 ’

495 2668 563 2711 Ad
583 2670 634 2707 ll·
653 2671 923 2726 perpendunt
944 2673 1191 2715 Praebendas
1208 2672 1379 2728 exiguos
1399 2669 1550 2713 habere
1574 2668 1730 2713 irucOtus
1751 2666 1868 2765 ‚Inul-

1785 2739 1869 2765 um·
