2002 2959
582 164 621 206 8.
638 165 781 214 Juniix
817 166 890 207 824

96 223 233 277 deque
255 220 553 264 animadvertit
576 256 585 271 ‚
621 179 810 267 erroreni
837 222 916 265 effe
943 177 1414 279 praesupponendumgiii

98 279 329 335 exemplari
352 309 365 327 ,
399 294 492 321 narn
511 295 603 323 cum
623 282 663 323 in
685 297 733 324 eo
759 281 906 337 scripta
924 279 1051 321 fuerit
1070 279 1292 322 declaratio
1311 280 1416 322 Ma-

102 338 178 379 riae
202 366 216 385 ‚
249 336 442 378 nimirum
476 355 503 378 =
534 341 635 381 nelle
651 341 766 396 qzmli
780 339 1014 395 Meffepero
1038 338 1157 379 vuole
1177 368 1190 386 ‚
1220 338 1414 393 clzeficzno

99 397 228 438 anclze
241 397 435 452 comprese
449 397 580 453 quelle
597 399 650 438 M
701 413 721 438 e
739 425 752 443 ‚
782 399 853 439 clze
874 398 949 454 eſja
969 396 1143 452 Signora
1162 396 1302 437 Maria
1321 398 1342 438 ἐ
1361 405 1416 438 te-

99 461 198 494 nuta
209 466 283 508 per
294 455 427 510 obligo
445 453 608 505 difarvi
625 469 646 497 c
669 456 823 496 lebrare
838 455 880 493 in
897 454 998 493 detti
1003 455 1145 509 giomi
1159 470 1186 489 =
1201 452 1319 493 scribi
1335 453 1419 493 de-

100 511 222 551 beret
256 527 283 548 =
315 525 394 553 non
426 513 620 568 comprese
647 513 780 568 quelle
794 510 920 567 Mqffe
939 509 1020 555 dyc.
1051 527 1078 546 =
1104 509 1223 550 aliter
1255 522 1416 564 praeter

101 566 330 608 nullitatem
348 567 624 623 dispositionis
644 598 657 616 ,
672 569 773 609 nihil
791 567 840 608 de
858 567 1037 623 proprio
1057 566 1268 608 addidisset
1286 600 1295 608 .

41 619 252 666 Praeterea
274 625 405 679 inquit
424 625 547 667 Effius
569 626 790 681 Episcopus
827 653 840 672 ‚
873 623 1071 675 majorem
1093 623 1307 665 Musarum
1340 639 1413 666 ce-

101 681 377 724 lebrationem
412 681 474 722 illa
493 683 705 724 Miffarum
737 681 888 737 viginti
919 681 941 722 a
956 681 1111 734 Jacobo
1147 680 1417 726 demandata„

102 739 270 781 suadere
293 738 511 781 Pastorales
528 740 798 781 Visitationes
832 770 844 788 ,
874 737 1180 796 depositionem
1208 738 1417 781 Admini-

100 795 171 837 stri
190 795 372 852 Capituli
393 795 652 840 Cathedralis
668 795 856 839 Ecclesiae
873 825 886 844 ,
922 811 997 838 nec
1021 810 1105 838 non
1125 796 1355 844 Tabellam‚
1370 799 1417 838 in

104 868 186 908 qua
203 853 400 907 leguntur
419 855 630 897 Nliffarum
654 870 780 897 onera
795 854 912 896 dietae
932 853 1077 895 ruralis
1097 854 1290 896 Ecclesiae
1313 884 1325 903 ,
1359 854 1421 896 ni·

102 910 254 952 mirum
272 910 485 954 Missurum
506 913 723 956 duodecim
741 927 821 969 pro
837 913 938 954 illius
957 909 1169 954 ereffione
1189 942 1202 961 ,
1236 913 1423 954 aliarum-

104 983 189 1023 que
222 967 406 1024 viginti,
438 970 552 1023 juxta
570 971 877 1028 dispositionem
895 970 1038 1025 Jacobi
1072 969 1310 1013 Armentici
1329 999 1343 1018 ,
1372 983 1419 1010 ac

106 1024 273 1074 demum
292 1028 469 1069 duorum
491 1029 746 1073 Officiorum
766 1028 979 1070 Miffarum
1008 1039 1189 1082 quatuor
1211 1042 1290 1083 pro
1314 1041 1424 1082 quo-

105 1082 209 1125 libet
228 1083 748 1134 celebrandarum‚scilicet
767 1088 903 1143 quoad
922 1099 1050 1128 unum
1069 1086 1187 1127 indie
1207 1085 1309 1127 sesto
1327 1086 1424 1126 Na·-

102 1140 278 1182 tivitatis
298 1143 412 1183 Bffiae
431 1144 617 1200 Virginis
632 1144 784 1187 Mariae
801 1175 814 1194 ,
848 1145 893 1188 &
923 1142 1063 1201 quoad
1084 1143 1260 1186 alterum
1278 1143 1320 1184 in
1343 1142 1411 1184 die

107 1197 212 1240 festo
227 1198 268 1239 S.
290 1200 472 1241 Antonii
491 1202 680 1243 Patavini
700 1232 711 1244 .

46 1256 210 1304 verum
225 1271 317 1297 cuin
338 1259 476 1299 omnia
496 1259 583 1301 haec
604 1259 815 1300 Missarum
844 1258 976 1301 onera
1003 1257 1232 1315 adimplere
1269 1257 1422 1299 detre-

105 1317 186 1358 stet
205 1314 363 1357 Comes
383 1315 432 1357 de
448 1317 790 1359 Tauroleonibus
809 1316 1007 1358 mediatus
1027 1314 1424 1358 difflorumArmen-

107 1374 302 1414 ticiorurn
319 1372 451 1414 haeres
470 1402 483 1421 ,
516 1377 700 1429 exceptis
719 1377 927 1415 dumtaxat
942 1373 1073 1417 Miffis
1095 1374 1245 1431 viginti
1263 1374 1286 1416 a
1305 1374 1423 1427 jaco-

110 1433 168 1472 bo
187 1429 438 1486 praescriptis
457 1460 470 1478 ‚
504 1431 598 1474 hinc
616 1434 740 1474 Effius
754 1431 941 1474 Antistes
975 1433 1077 1473 hanc
1101 1432 1270 1474 Sacram
1291 1433 1426 1472 Con-

109 1487 405 1542 gregationern
426 1500 603 1537 exorat,
633 1501 679 1532 ut
699 1519 712 1538 ‚
737 1488 959 1545 vperpensis
984 1489 1217 1531 transmiffis
1235 1488 1427 1541 juribus,

112 1545 332 1589 Miss'arum
353 1545 563 1588 annuatim
582 1545 922 1590 celebrandarum
942 1559 1137 1588 numerus
1159 1574 1172 1594 ,
1203 1546 1248 1588 ὅτ.
1265 1544 1430 1600 quanti·

113 1615 175 1644 tas
194 1602 415 1645 definiatur
436 1633 446 1644 .

56 1660 125 1706 Ad
153 1657 323 1701 Causam
361 1673 532 1703 vocatus
569 1663 727 1706 Comes
773 1662 824 1702 de
854 1659 1194 1703 Tauroleonibus
1226 1659 1393 1702 sustinet
1411 1689 1424 1706 ,

116 1718 246 1774 ipsum
276 1718 502 1773 obligatum
522 1720 599 1763 effe
614 1724 661 1763 ad
678 1718 1007 1763 celebrationem
1022 1731 1254 1759 annuarum
1275 1716 1426 1759 Miffa-

115 1789 208 1817 rum
227 1776 376 1830 viginti
396 1778 588 1827 tanturn4
623 1793 721 1832 quas
740 1778 918 1831 jacobus
934 1775 1175 1817 Armentici
1211 1774 1430 1817 celebran-

117 1835 186 1874 das
206 1832 282 1875 effe
302 1848 594 1890 praeceperat:
624 1838 678 1880 Et
711 1835 895 1890 quamvis
925 1833 1064 1875 Maria
1093 1831 1334 1874 Armentici
1357 1846 1435 1874 vo-

119 1890 244 1931 luerit
265 1919 277 1938 ,
314 1892 426 1945 quod
459 1894 498 1933 in
514 1894 688 1948 geminis
717 1891 970 1949 praescriptis
988 1889 1292 1933 Festivitatibus
1311 1889 1430 1932 cele-

120 1949 313 1990 braretur
331 1966 358 1986 =
380 1952 512 2005 quella
529 1953 717 2007 quantit&
736 1951 778 1991 di
793 1949 918 2007 Meffe
935 1978 948 1996 ‚
977 1947 1430 2005 clzeftimarannosuffi·

120 2007 248 2048 ciente
264 2009 302 2049 in
320 2009 417 2049 detti
431 2011 572 2064 giomi
588 2028 608 2050 z
631 2006 847 2052 declarasse
865 2020 1002 2049 tamen
1017 2037 1030 2055 ,
1070 2007 1138 2048 has
1171 2004 1313 2047 Missas
1352 2004 1431 2048 esse

124 2064 278 2105 debere
309 2078 356 2104 ex
390 2064 464 2107 illis
493 2068 639 2122 viginti
673 2065 926 2123 praescriptis
959 2064 982 2106 a
1011 2065 1172 2119 Jacobo
1188 2062 1430 2105 Armentici

125 2119 312 2161 Auctore
330 2119 400 2163 suo
420 2153 433 2170 ,
464 2126 561 2167 dum
579 2126 714 2167 subdit
729 2141 757 2162 =
771 2124 875 2165 nelle
893 2125 1007 2180 quali
1022 2122 1257 2180 Meffeperb
1277 2121 1397 2164 vuole
1415 2147 1430 2167 ,

126 2180 196 2220 che
209 2178 324 2229 firmo
341 2183 464 2222 anche
478 2185 672 2238 comprese
689 2182 820 2241 quelle
835 2181 963 2238 Meffe
988 2209 1001 2228 ‚
1033 2182 1105 2222 che
1136 2180 1212 2237 effa
1233 2181 1434 2235 Signora..

128 2236 267 2278 Μανία
286 2237 307 2277 ὲ
323 2246 455 2277 tenuta
470 2253 540 2293 per
556 2240 690 2297 obligo
708 2239 871 2292 clifarvi
885 2237 1080 2280 celebrare
1096 2239 1138 2278 in
1151 2238 1251 2278 detti
1262 2235 1402 2293 giomi
1417 2261 1432 2295 ·.

70 2292 328 2349 Nullumque
361 2307 553 2335 errorem
586 2296 628 2336 in
665 2297 736 2337 hac
752 2294 903 2336 Mariae
936 2294 1218 2336 declaratione
1236 2291 1435 2349 praesuml

128 2351 243 2406 posse
280 2351 436 2392 Comes
456 2353 707 2398 contendit,
740 2353 836 2407 quia
869 2364 958 2392 non
986 2350 1196 2406 exemplar
1216 2378 1229 2398 ,
1265 2349 1333 2388 sed
1354 2360 1436 2387 au-

130 2408 380 2464 tographum
400 2409 452 2451 est
473 2409 624 2450 Mariae
640 2409 954 2451 Testamentum
970 2406 1146 2448 existens
1162 2403 1435 2452 inArchivio,

130 2465 243 2517 cujus
263 2467 440 2519 proinde
464 2472 590 2508 verba
611 2496 623 2513 ,
646 2477 776 2523 prout
793 2464 938 2506 sonant
955 2493 967 2511 ,
983 2462 1061 2505 effe
1074 2463 1316 2520 accipienda
1334 2462 1433 2504 Rot.

131 2526 173 2563 in
205 2525 346 2565 Pacem.
371 2526 647 2567 Praececlentiae
678 2524 792 2579 super
823 2521 1057 2578 Remifforia
1094 2534 1160 2562 10.
1176 2521 1287 2562 Maii
1309 2518 1435 2575 1758.

131 2582 174 2639 ᾗ.
197 2591 219 2633 5
255 2596 388 2623 coram
405 2585 503 2624 clar.
519 2597 634 2623 mem.
652 2581 770 2623 card.
792 2580 967 2635 Capram
993 2609 1006 2627 ‚
1036 2593 1113 2621 nec
1143 2577 1221 2619 effe
1242 2591 1316 2634 per
1346 2578 1437 2618 sub·

133 2640 312 2679 auditum
332 2639 579 2680 intelleclum
610 2638 959 2695 superaddendam
993 2636 1233 2693 particulam
1267 2634 1437 2691 negati-

133 2711 221 2740 vain
241 2713 266 2733 τ.
283 2712 362 2739 non
377 2716 402 2737 ,τ
424 2697 615 2739 nimirum
634 2715 660 2735 ε
678 2712 758 2740 non
775 2695 970 2753 comprese
981 2696 1112 2755 quelle
1126 2693 1252 2752 Meffe
1264 2694 1356 2739 &a
1388 2710 1436 2741 =,

1344 2764 1441 2793 nam
