2002 2959
535 117 600 163 14.
622 108 848 152 Decembris
871 111 996 166 1782:
1374 131 1450 174 ¹93

129 166 276 207 ralium
298 165 346 206 ad
365 166 654 222 praescriptum
672 167 855 209 Concilii
871 168 1052 211 Romani
1072 169 1346 221 habebantur,
1361 188 1452 229 po·-

133 224 294 265 stulavit
310 224 539 281 Episcopus
562 227 608 266 ab
626 226 708 266 EE.
724 226 821 267 VV.
843 245 870 264 =
900 227 965 268 An
985 227 1131 271 Clerici
1161 245 1294 272 omnes
1329 230 1451 282 lqu'us

133 283 320 324 Civitatis
337 285 378 324 in
395 283 529 324 Sacris
543 284 747 336 constituti
768 313 781 331 ,
807 286 980 339 itemque
996 286 1269 330 Protonotarii
1286 288 1454 344 Aposto-¹

132 340 201 382 lici
213 355 291 381 non
305 343 601 395 partecipantes
622 351 830 383 teneantur
845 342 972 398 adeffe
987 344 1255 399 mensualibus
1274 346 1306 387 C
1307 359 1455 403 ongre-

130 400 366 457 gcztiorzibus
385 398 551 456 Casuum
574 427 586 446 ,
623 413 783 441 necnon
796 402 981 442 accedere
1009 402 1065 439 ad
1089 401 1270 456 publicas
1297 405 1456 460 Proces-

124 457 259 511 fiones
280 487 288 495 .
324 455 537 511 Exquilito
551 457 621 497 hac
640 457 760 511 (uper
778 470 822 496 re
845 457 963 497 Voto
982 456 1074 496 Effii
1095 458 1326 500 Cardinalis
1352 461 1457 500 Bor-

136 513 303 561 romei,
333 516 397 555 die
419 527 489 570 29.
512 514 663 569 Aprilis
679 515 777 555 anni
799 514 919 568 1780.
941 514 1182 569 responsum
1225 515 1333 563 fuit,
1364 517 1459 572 pos-

135 572 173 613 se
193 573 441 628 Episcopum
469 585 611 613 omnes
629 584 781 626 cogere
798 600 812 618 ,
845 572 888 612 &
917 570 1161 616 reluc‘tantes
1179 573 1320 630 puniri
1337 572 1453 627 juxti

139 631 306 672 modum
323 629 345 670 a
365 629 560 670 Concilio
583 630 775 669 Romano
791 628 1046 683 praefinitum
1065 661 1075 671 .

82 689 209 746 Quod
231 701 253 728 a
270 687 359 728 Sac.
380 686 716 742 Congregatione
738 686 914 727 decisum
948 686 1084 729 fuerat
1113 689 1262 745 exequi
1282 690 1450 731 curavit

138 740 367 802 Episcopus
387 772 398 783 .
434 743 646 799 Siquidem
666 743 798 802 legem
816 744 908 786 tulit
929 774 942 794 ,
974 760 1054 800 qua
1073 759 1218 788 omnes
1253 748 1302 788 de
1322 748 1457 789 cie-w

141 802 325 844 Seculari
357 801 493 855 adegit
527 830 541 850 ,
585 813 632 843 ut
668 802 915 844 Conventui
949 803 1244 847 resolutionum
1279 806 1460 847 Casuum

138 860 366 903 Moralium
386 858 626 902 interessent
645 890 655 900 .
690 861 904 902 Ordinarii
920 872 1179 917 praeceptum
1219 862 1350 904 nullus
1388 864 1462 904 im-

139 931 328 973 pugnare
351 917 462 958 ausus
480 915 587 966 fuit,
619 931 764 960 verum
796 919 845 959 de
867 919 1012 961 ordine
1032 949 1045 968 ‚
1078 919 1122 961 ἃ.
1157 919 1252 961 loco
1290 919 1457 961 sedendi

139 977 184 1018 in
207 974 675 1026 hujusmodiConventu
693 976 864 1031 quaestio
881 988 974 1019 orta
993 978 1047 1019 est
1066 1007 1077 1017 .
1113 976 1321 1020 Canonici
1348 992 1459 1019 nam-

144 1047 224 1087 que
243 1031 490 1087 Collegiatae
525 1033 717 1076 Ecclefiae
752 1034 870 1075 SSffli
889 1035 1120 1077 Salvatoris
1145 1065 1157 1083 ,
1189 1036 1256 1090 qui
1289 1035 1328 1075 in
1374 1034 1463 1075 aliis

143 1090 442 1132 functionibus
467 1091 557 1147 post
578 1091 818 1147 Capitulum
835 1092 1025 1135 Ecclesiae
1047 1092 1306 1134 Cathedsalis
1337 1106 1466 1133 caete·

141 1162 214 1189 ros
233 1149 283 1189 de
299 1148 429 1190 Clero
447 1148 692 1204 praecedunt
713 1180 725 1197 ,
757 1151 933 1205 primum
952 1150 1132 1192 seffionis
1166 1149 1302 1192 locum
1321 1150 1343 1192 a
1365 1148 1463 1189 smi-

143 1206 222 1246 stra
243 1206 435 1262 Episcopi
454 1207 662 1248 vindicare
684 1209 979 1250 contendunt.
1002 1207 1169 1249 Restitit
1189 1222 1335 1250 eorum
1356 1221 1467 1263 prae·-

141 1262 318 1304 tenfioni
340 1293 352 1310 ,
385 1263 470 1303 tuin
497 1264 624 1304 altera
644 1263 878 1317 Collegiata
911 1266 952 1304 S.
974 1265 1127 1306 Mariae
1159 1264 1264 1305 infra
1282 1266 1429 1305 Portas
1452 1293 1468 1312 ,

142 1331 234 1361 tum
257 1319 671 1362 CanoniciEcclefiae
691 1320 951 1362 Cathedralis
975 1351 988 1369 ,
1021 1317 1089 1377 qui
1119 1322 1334 1379 protestati
1372 1323 1471 1363 sunt

144 1378 251 1419 velle
269 1379 376 1418 tueri
393 1375 482 1428 jura
500 1378 849 1418 Beneficiatorum
870 1378 1085 1433 Capituli,
1116 1381 1160 1421 ἃ.
1180 1381 1467 1421 parochorum

148 1434 362 1482 Civitati33
381 1434 651 1490 Quaestionem
674 1436 935 1487 compescere
955 1449 1037 1475 non
1059 1439 1197 1491 potuit
1220 1437 1466 1490 Episcopu33

151 1494 247 1535 hinc
266 1491 408 1533 habito
439 1497 461 1530 a
493 1491 719 1533 canonicis
739 1491 856 1533 SSffii
878 1492 1104 1533 Salvatoris
1140 1493 1305 1534 recursu
1334 1492 1381 1532 ad
1402 1493 1474 1532 Sa-

153 1564 265 1592 cram
288 1550 504 1606 Congreg.
523 1547 814 1591 controversia
843 1549 892 1591 ab
909 1550 992 1590 EE.
1013 1551 1109 1592 VV.
1130 1550 1256 1592 modo
1272 1550 1475 1598 definiet»,

151 1609 202 1651 da
222 1608 275 1650 cst
296 1639 308 1650 .

98 1667 269 1709 Fatetur
285 1665 524 1723 Capitulum
544 1664 737 1708 Ecclefiae
757 1665 1002 1722 Collegiatae
1021 1666 1137 1708 SSr’ni
1157 1663 1379 1707 Salvator-is
1395 1664 1481 1720 prio

154 1739 265 1766 mum
286 1724 420 1766 locum
446 1723 586 1765 deberi
610 1724 808 1777 Capitulo
830 1724 1092 1767 Cathedralis
1113 1753 1126 1771 ‚
1156 1723 1319 1778 ejusque
1338 1723 1472 1763 Bene·

155 1782 300 1823 ficiatis
323 1812 335 1830 ‚
366 1780 718 1825 &Manfionariis
740 1812 752 1831 ‚
782 1796 874 1823 cum
896 1781 934 1822 hi
971 1794 1119 1822 omnes
1157 1794 1284 1821 unum
1319 1792 1477 1834 corpus

155 1839 430 1888 constituant,
449 1853 493 1880 ac
513 1838 1111 1895 propterea‘incapitularibus
1130 1837 1310 1880 comitiis
1332 1848 1477 1892 prote—

157 1897 246 1939 stati
261 1897 350 1939 funt
368 1898 728 1953 praeeminentiam
748 1896 946 1954 Capitulo
966 1895 1225 1939 Cathedralis
1239 1909 1326 1936 non
1347 1894 1479 1948 impu-

161 1968 287 2009 gnare
311 1971 322 2006 ;
356 1956 516 1996 Verum
536 1953 762 2006 hujusmodi
795 1953 1155 2011 praeeminentiam
1188 1954 1310 2009 supra
1329 1950 1482 1993 Colle-

161 2014 309 2066 giatam
329 2013 371 2054 S.
392 2013 545 2054 Mariae
566 2011 674 2053 infra
694 2014 836 2055 Portas
858 2044 872 2063 ‚
895 2012 1162 2066 ‘caeterosque
1178 2012 1226 2052 de
1247 2009 1378 2051 Clero
1400 2007 1479 2072 Ca-

160 2070 337 2125 pitulum
362 2070 477 2112 SSffii
497 2070 723 2112 salvatoris
742 2069 810 2111 fibi
839 2070 1019 2112 debitam
1054 2067 1299 2111 contendit.
1334 2069 1482 2121 Inquit

162 2129 271 2169 enim
289 2126 522 2169 Concilium
541 2130 776 2170 Romanum
796 2126 964 2171 inhisce
979 2126 1282 2170 conventibus
1304 2124 1482 2165 deman-

164 2186 266 2226 daffe
290 2215 303 2233 ,
334 2196 379 2225 ut
395 2185 561 2240 quisque
579 2185 735 2237 :finita
759 2185 992 2241 l'OraJ‘ione
1012 2186 1192 2242 fiponga
1210 2201 1234 2226 c
1256 2184 1385 2225 federe
1401 2195 1478 2224 corz

164 2246 304 2285 ordine
318 2261 344 2281 .-:
363 2243 484 2283 Hunc
502 2253 636 2282 autem
655 2243 849 2284 ordinem
871 2243 1139 2285 referendum
1158 2240 1235 2283 effe
1251 2271 1264 2288 ‚
1295 2252 1346 2280 ne
1379 2240 1478 2277 dum

165 2303 212 2342 ad
233 2301 452 2356 fimplicem
468 2297 598 2340 aetum
617 2300 811 2348 sedendi,
841 2300 909 2342 sed
944 2301 992 2342 ad
1028 2299 1165 2340 locum
1185 2328 1195 2344 ,
1226 2311 1310 2350 quo
1345 2294 1478 2335 unus-

167 2360 337 2413 quisque
352 2356 531 2399 adfidere
560 2357 707 2397 debeat
732 2357 845 2409 juxta
874 2357 1045 2412 gradum
1067 2384 1080 2403 ,
1111 2356 1156 2397 ἃ.
1183 2355 1484 2395 Perlonarum..

167 2417 405 2469 qualitatem
426 2446 438 2465 ,
469 2430 513 2457 ac
528 2416 851 2472 praecedentiam
869 2414 1093 2468 unicuique
1115 2410 1294 2452 debitam
1327 2425 1338 2457 3
1369 2408 1480 2450 Hinc

166 2473 293 2515 infert
313 2505 324 2520 ‚
351 2473 460 2530 quod
479 2471 824 2527 quemadmodum
844 2469 1082 2513 'Cano'nicis
1111 2466 1304 2510 Ecclesiae
1325 2465 1480 2529 Cathe-

165 2530 286 2571 dralis
304 2532 470 2573 caeteris
489 2531 733 2586 dignoribus
755 2530 795 2569 in
814 2527 920 2570 Aula
939 2526 1133 2583 Episcopi
1169 2553 1180 2572 ,
1215 2525 1282 2566 ubi
1305 2523 1481 2565 Exem-

164 2591 342 2630 tationes
358 2589 544 2630 Mox-ales
559 2590 762 2629 habentur
782 2587 935 2643 primus
954 2584 1117 2628 sedendi
1132 2583 1248 2625 locus
1267 2581 1383 2622 datus
1404 2580 1478 2627 est,

164 2649 216 2687 itu
254 2649 469 2687 succedere
505 2646 589 2701 post
624 2646 753 2699 ipsum
781 2644 1012 2684 immediate
1048 2642 1197 2682 debeat
1232 2639 1479 2700 Capitulum·

170 2704 284 2745 §Stin
306 2704 529 2743 salvatoris
549 2733 560 2749 ‚
593 2702 703 2757 quod
728 2703 767 2742 in
789 2702 979 2743 omnibus
999 2697 1285 2755 Ecclefiasticis
1301 2692 1477 2739 funcfho-

173 2766 290 2805 mous
308 2762 473 2815 reliquis
496 2763 543 2803 de
565 2760 696 2806 Clero
719 2759 924 2817 praecedit
949 2789 957 2798 .
1171 2773 1174 2777 ·

290 2821 386 2862 Tem
395 2819 481 2861 fin·
964 2815 995 2856 B
1027 2815 1052 2855 b
1398 2809 1486 2858 Ad}
