2002 2959
521 95 587 137 26.
603 93 790 141 Ianuarii
814 95 937 151 1782ss
1361 102 1416 155 '13

115 155 252 210 injecit
260 154 336 212 sno
355 154 503 195 lzaerecli
525 183 538 202 ‚
566 155 621 197 <Sc
641 155 814 195 Patrono
833 155 948 196 valde
976 151 1120 197 diletz'o
1150 153 1199 196 de
1223 156 1419 198 nomina-

114 216 225 256 tione
241 213 472 255 collocanda
493 213 533 252 in
544 217 750 268 personam
768 212 996 253 Sacerdotis
1022 211 1109 268 ejus
1131 212 1294 269 Vaffalli
1323 213 1421 265 stri-

116 273 176 313 έῖε
197 271 310 326 loqui
324 269 563 312 intellexerit
581 272 629 310 cle
643 269 673 310 C
674 271 736 309 ive
758 271 894 309 nativo
914 296 926 314 ‚
962 270 1017 313 ὄσ
1032 272 1257 327 originario
1277 299 1289 317 ,
1308 271 1420 312 Sub-

116 331 200 369 dito
221 358 234 376 ‚
264 326 318 370 ὅσ
333 336 603 368 commorante
619 329 660 367 in
689 326 834 367 Feudis
850 327 993 367 nobilis
1008 327 1163 369 Domus
1183 326 1384 382 cajetanae
1403 357 1417 376 ,

117 400 166 426 ac
181 386 314 426 verius
333 385 456 426 latius
469 384 666 440 loquendo
683 411 695 430 ,
728 383 1017 439 utplerumque
1034 386 1288 439 interpretari
1314 400 1410 428 con-

117 443 240 499 tingit
257 443 298 482 in
316 443 479 482 materia
494 441 736 497 indifferenti
754 467 767 486 ,
800 438 1079 489 &favorabili
1093 442 1203 486 suris
1222 442 1420 483 Patrona-

117 509 184 541 tus
199 499 406 554 compleffi
420 499 606 540 maluerit
618 500 734 539 etiam
751 497 941 539 subditos
959 499 1066 539 cives
1087 525 1100 543 ,
1128 496 1184 540 ὅσ
1217 498 1413 554 Vaffallos

118 571 173 598 ex
183 557 393 613 privilegio
410 555 571 611 quaefito
590 556 745 595 ratione
762 555 994 595 meritorum
1017 583 1029 601 ,
1063 554 1116 597 δεῖ
1129 567 1182 594 ex
1196 555 1424 605 allecfl'c'one,

118 615 253 670 qualis
269 613 319 665 eft
336 614 528 654 Sacerdos
545 612 746 653 Marini:
765 609 841 651 &it
873 610 1043 652 secunda
1079 624 1229 666 nempe
1266 627 1293 648 =
1326 617 1423 654 niun

117 671 280 726 admiffa
294 672 412 712 etiarn
432 669 681 709 inhabilitate
696 670 877 710 hodierni
885 668 1108 724 peffefforis
1128 668 1159 709 C
1158 668 1361 723 appellani
1374 669 1423 710 ob

119 727 368 782 refistentiam
385 727 606 766 voluntatis
623 724 846 780 Testatrtcis
864 754 877 773 ‚
910 726 1013 767 Dux
1043 726 1157 766 illius
1188 727 1316 769 lueres
1337 756 1349 773 ,
1379 727 1424 772 da·

118 786 319 826 Patronus
329 784 497 840 scienter
514 813 524 829 ‚
561 781 696 832 &fere
709 798 781 838 per
792 782 978 835 fraudem
1013 794 1153 824 contra
1183 783 1294 824 illam
1323 785 1424 825 deli·

117 844 250 897 querit
269 872 278 887 ‚
310 843 352 882 in
369 855 448 899 quo
471 842 627 882 demum
642 842 732 897 casu
756 841 958 882 Patronus
984 842 1252 897 privationem
1279 843 1417 884 incur-

117 900 169 939 rit
181 897 526 955 Juriffiatronatns
541 926 553 944 ‚
583 913 634 939 an
654 899 787 940 verius
807 901 860 939 acl
902 912 1046 939 novam
1068 898 1415 953 praefentationem

119 957 390 998 admittendus
399 954 603 1010 fitfavore
616 955 780 997 alterius
797 956 940 998 habilis
956 986 966 1002 ‚
984 955 1038 1000 ὃς
1053 957 1210 1012 capacis
1223 973 1250 995 =
1266 955 1314 996 ab
1333 954 1422 1008 ejus

121 1025 260 1054 tamen
282 1012 457 1054 ferendo
478 1024 580 1054 voto
599 1013 634 1053 se
656 1012 848 1053 abstinuit
867 1042 878 1052 .

69 1069 281 1114 Adversus
298 1072 362 1112 has
380 1070 559 1124 geminas
579 1081 792 1126 promotas
812 1068 1058 1125 quaestiones
1092 1069 1263 1126 insurgit
1286 1072 1426 1112 Sacer-

122 1129 195 1168 dos
206 1128 350 1169 Petrus
371 1126 504 1167 Favali
525 1127 685 1169 Orator
701 1156 715 1174 ,
746 1128 993 1182 sustinetque
1011 1156 1023 1175 ,
1039 1128 1244 1169 Duciffarn
1259 1127 1424 1170 Annam

118 1183 300 1226 Mariam
333 1182 600 1225 Testatricem
635 1186 898 1227 mandantem
917 1213 930 1232 ‚
962 1183 1282 1240 Cappellaniam
1314 1213 1327 1233 ‚
1358 1185 1430 1226 seit

117 1242 318 1296 Legatum
336 1242 448 1297 pium
467 1243 741 1299 :chesempre
752 1243 839 1297 resti
855 1243 1052 1284 collocato
1071 1245 1112 1284 in
1126 1242 1295 1298 persona
1314 1244 1356 1284 di
1373 1256 1429 1283 un,

119 1300 332 1340 Sacerdote
357 1299 532 1355 Vaffallo
553 1328 566 1347 ,
591 1315 612 1341 e
627 1316 706 1341 non
724 1301 945 1342 altrimenti
963 1298 1042 1341 &c.
1072 1317 1100 1337 =
1117 1299 1167 1340 de
1189 1313 1295 1341 vero
1330 1299 1432 1340 sen-

122 1355 206 1397 fiffe
224 1384 237 1403 ,
266 1354 407 1398 nativo
422 1385 435 1404 ,
465 1355 510 1398 &
527 1356 756 1411 originario
774 1356 904 1399 Ducis
921 1356 1188 1399 Sermonetae
1209 1356 1385 1398 Subdito
1413 1384 1431 1405 ,

123 1422 170 1454 nt
188 1412 242 1454 est
263 1412 464 1455 Sacerdos
484 1414 644 1456 Orator
664 1445 674 1461 ‚
707 1428 792 1457 non
813 1425 948 1458 autem
968 1416 1018 1456 de
1049 1414 1144 1457 fleto
1161 1444 1175 1462 ‚
1208 1414 1254 1456 ἃ.
1289 1413 1428 1456 alieni—

122 1484 231 1526 gena
250 1470 290 1511 in
310 1469 527 1513 Subditum
548 1485 622 1528 per
641 1470 807 1528 simplex
825 1472 1092 1537 privilegium
1113 1472 1315 1528 assumpto
1338 1500 1352 1518 ,
1384 1483 1430 1512 ut

124 1527 177 1570 est
200 1527 397 1570 Sacerdos
417 1528 601 1570 Marini.
635 1528 709 1570 Ait
743 1530 852 1569 enim
890 1528 952 1571 hic
983 1531 1044 1583 agi
1074 1529 1124 1570 de
1158 1530 1428 1568 Testamento

125 1585 318 1627 Mulieris
339 1614 352 1632 ,
384 1586 593 1640 quaelicet
612 1600 659 1626 ex
679 1586 802 1627 nobili
825 1599 981 1641 genere
999 1596 1090 1625 nata
1107 1614 1121 1633 ‚
1154 1596 1334 1626 attamen
1355 1583 1430 1635 ju-

127 1642 184 1683 ris
221 1643 453 1683 communis
484 1641 758 1698 dispositionis
788 1671 802 1689 ,
851 1656 895 1683 ac
938 1640 1174 1683 Doftorum
1207 1640 1430 1684 sententiae

128 1701 296 1755 prorsus
312 1700 452 1753 ignara
477 1702 650 1749 verbum
672 1700 846 1754 Vaffallo
866 1700 984 1740 insua
1002 1699 1175 1754 propria
1198 1728 1211 1748 ,
1236 1700 1281 1740 &
1311 1710 1433 1739 natu-

125 1756 198 1797 rali
219 1756 515 1812 significatione
549 1756 786 1798 intellexiffe
822 1755 1082 1812 praesumitur
1097 1785 1110 1802 ‚
1145 1767 1188 1796 ut
1208 1770 1282 1810 per
1304 1757 1424 1797 Text.

127 1815 169 1855 in
187 1814 227 1854 L.
250 1814 468 1870 Affumptt‘o
488 1816 528 1855 in
542 1815 668 1870 princ.
692 1845 701 1859 ,
724 1815 768 1859 dy
783 1814 824 1870 ss.
844 1814 970 1855 Filius
986 1812 1035 1871 ff.
1053 1815 1106 1854 ad
1124 1815 1324 1868 Municip.
1352 1842 1365 1860 ,
1385 1812 1428 1852 in

128 1884 282 1924 genere
300 1871 628 1915 firmavitFaber.
647 1873 687 1912 in
712 1874 810 1912 Coi.
836 1872 902 1912 lib.
922 1871 960 1911 6.
980 1871 1115 1913 tit-18.
1152 1869 1305 1924 definit.
1329 1884 1391 1926 ¹7·
1419 1900 1435 1920 ‚

133 1929 227 1969 Rot.
245 1943 329 1971 cor.
346 1929 497 1971 Molin.
516 1929 740 1986 decis-982.
761 1939 944 1982 nun1.15.
968 1959 981 1977 ‚
1000 1929 1044 1974 dy
1067 1942 1130 1983 19·
1157 1957 1170 1976 ,
1187 1931 1230 1975 dy
1244 1929 1430 1984 cor.Re3-

131 1986 265 2041 zonico
285 1987 501 2042 decis-328.
522 2000 679 2041 namq.
701 1987 744 2033 dy
761 1987 799 2027 8.
820 1988 1022 2042 cmnplnr.
1039 1987 1145 2043 seqq.

77 2040 261 2085 Maxime
279 2043 371 2097 quia
386 2043 468 2099 ipsa
485 2044 692 2085 Testatrix
709 2045 749 2085 in
768 2044 946 2099 primum
966 2043 1264 2100 Cappellanum
1301 2041 1433 2084 nomi-

137 2098 251 2140 navit
268 2098 530 2142 Sacerdotem
548 2101 770 2156 Josephum
791 2100 948 2144 Zelloni
970 2131 982 2149 ‚
1000 2103 1069 2157 qui
1092 2116 1176 2143 non
1198 2100 1311 2142 fietus
1327 2110 1434 2147 erat.

137 2157 203 2198 sed
224 2170 373 2203 verus,
404 2157 448 2199 ἃ,
483 2158 732 2214 originarius
760 2160 891 2202 Ducis
924 2159 1186 2200 Sermonetae
1207 2157 1402 2199 Subditus
1424 2185 1440 2204 ‚

134 2225 283 2269 utpote
304 2213 372 2269 qui
393 2225 510 2255 natus
530 2227 618 2257 erat
643 2216 683 2255 in
700 2217 876 2272 Oppido
900 2217 1106 2258 Cisternae
1126 2246 1140 2264 ,
1172 2216 1217 2258 ἃ,
1235 2216 1278 2256 in
1300 2229 1351 2256 eo
1369 2214 1442 2269 ‚ha-

135 2271 291 2313 bitabat
306 2300 319 2318 ‚
356 2270 493 2324 ibique
514 2272 602 2312 suos
624 2271 725 2315 fixos
743 2272 939 2315 domicilii
955 2274 1056 2315 lares
1077 2273 1250 2314 habebat
1267 2302 1277 2312 .
1314 2271 1440 2315 Non„

137 2329 246 2369 enim
265 2357 278 2376 ‚
309 2337 351 2368 ut
370 2328 504 2382 inquit
525 2328 682 2369 Orator
701 2359 713 2376 ,
739 2329 829 2381 jura
846 2329 979 2370 finunt
1002 2359 1012 2376 ‚
1044 2340 1089 2370 ut
1126 2329 1167 2369 in
1188 2327 1355 2370 materia
1372 2330 1441 2382 Ju-

137 2386 432 2442 rispatronatus
452 2396 673 2438 utcumque
691 2386 944 2428 indifferenti
962 2414 975 2433 ‚
1009 2386 1053 2428 &
1073 2385 1291 2428 favorabili
1311 2384 1441 2426 inter-

138 2453 332 2498 petretur
353 2444 528 2483 verbum
552 2441 725 2498 Vaffallo
756 2442 795 2483 in
828 2443 893 2484 sua
923 2441 1146 2498 ampliori,
1179 2442 1224 2485 &
1258 2442 1441 2498 generali

139 2498 433 2554 fignificatione
452 2529 464 2547 ,
496 2499 661 2553 quando
696 2499 838 2539 eadem
860 2500 1082 2541 Fundatrix
1121 2499 1216 2542 illud
1251 2500 1292 2540 in
1329 2499 1443 2542 sensu

139 2555 309 2613 praeciso
331 2587 343 2605 ‚
381 2557 426 2598 ἃ,
444 2557 634 2611 rigoroso
655 2556 940 2612 accipiendum
959 2557 1036 2599 effe
1057 2556 1162 2597 fano
1183 2587 1195 2605 ,
1226 2557 1271 2600 &
1305 2561 1440 2599 verbo

144 2613 324 2655 ostendit
340 2644 350 2654 .
384 2615 437 2656 Et
452 2614 641 2669 quamvis
677 2613 873 2656 Subditus
904 2629 954 2656 ex
988 2614 1210 2671 privilegio
1250 2616 1446 2658 habeatur

148 2685 228 2726 pro
249 2684 355 2711 vero
378 2700 391 2718 ,
427 2671 470 2714 δὲ
490 2671 727 2725 orig²nari0
752 2672 946 2720 Subdito,
963 2673 1094 2714 adhuc
1117 2684 1253 2714 tamen
1274 2673 1300 2713 ii
1324 2702 1336 2721 ‚
1354 2688 1448 2727 quae

141 2726 411 2772 subditorum
425 2729 515 2772 sunt
534 2758 548 2779 ,
581 2729 625 2773 ἃ.
645 2745 737 2786 quae
756 2729 936 2773 Subditis
956 2729 1036 2774 sive
1073 2744 1122 2774 ex
1140 2730 1304 2774 Statuto
1323 2760 1336 2779 ‚
1364 2731 1445 2773 five

1399 2800 1450 2830 ex
