2002 2959
619 110 682 152 ¹3·
704 98 806 147 Iulii
828 99 953 154 1782:
1387 117 1462 145 101

157 157 464 204 distributiones
480 156 698 211 percipere
721 159 800 212 iple
825 156 942 212 poslit
958 186 970 204 ,
989 169 1034 197 ac
1053 155 1076 195 fi
1106 155 1239 199 fuisset
1264 159 1465 212 praesens,

161 221 308 262 eodem
328 215 449 256 modo
484 227 567 254 non
594 215 724 255 obstet
745 214 846 256 dicta
861 215 1039 255 absentia
1055 215 1101 255 ad
1137 214 1326 257 effeetum
1345 219 1467 260 etiam

159 273 416 332 jubilationis
446 270 647 311 indultum
672 272 888 313 obtinendi
924 272 1344 316 Eminentiffimorum
1387 278 1471 318 Pa·-

161 349 273 378 trum
308 328 518 386 sapientire
539 328 789 384 relinquitur
808 331 1118 372 decernendum
1139 362 1149 372 .

45 411 47 413 ·
103 397 176 440 An
197 402 404 450 praeterea
420 390 458 428 in
483 386 554 427 hac
571 385 662 428 fieti
697 388 829 444 specie
848 417 861 435 ,
894 388 935 428 in
955 402 1033 442 qua
1052 388 1294 431 Canonicus
1322 392 1370 431 ab
1387 394 1467 435 Ec-

163 449 279 493 clefia
300 448 365 488 sua
383 454 561 500 propter
600 446 822 487 calumnias
840 444 1004 486 coactus
1027 445 1102 486 fuit
1137 446 1267 487 abesse
1289 477 1302 495 ,
1334 449 1471 504 aliqua

162 504 473 566 ponderatione
509 502 681 556 dignum
713 502 760 542 fit
787 502 1000 543 servitium
1017 503 1065 542 ab
1084 504 1233 544 eodem
1257 517 1466 560 tamquam

166 565 339 608 Clerico
369 560 502 602 eidem
536 560 724 602 Ecclefiae
755 571 849 600 ante
884 559 1165 601 canonicatus
1198 563 1469 618 adeptionem

166 623 350 679 quinque
365 631 565 660 annorum
585 616 712 672 spatio
733 617 958 671 praestitum
976 630 989 666 ;
1006 630 1056 657 an
1076 617 1253 672 denique
1274 635 1473 662 momen-

170 694 258 723 tum
279 676 442 732 aliquod
475 675 514 713 in
552 675 628 715 hoc
653 674 825 729 praeciso
858 674 949 715 casu
986 674 1051 715 vel
1069 674 1293 731 decrepitae
1317 678 1476 719 Orato-

169 740 226 780 ris
260 731 486 781 aetati,vel
525 731 702 773 infirmae
739 730 961 772 valetudini
992 732 1259 775 tribuendum
1278 734 1354 783 fit,
1393 735 1471 779 hoc

166 795 323 851 pariter
342 790 567 844 Sapientiae
586 790 664 830 erit
683 790 764 829 EE.
787 789 884 829 VV.
903 790 1168 845 perpendere
1188 819 1199 830 .

106 854 206 907 Jura
226 867 247 892 a
266 848 431 891 nemine
449 846 641 889 hactenus
662 848 887 903 habuimus.
909 849 1049 890 Partes
1069 860 1206 890 autem
1223 861 1346 891 erunt
1365 849 1476 891 Emi·

171 906 499 952 nentiffimorum
519 908 682 947 Parrum
704 905 880 947 definire
905 935 916 946 .

109 968 174 1010 An
187 966 443 1016 Jabilationis
468 966 674 1008 indultum
704 963 759 1025 ‚fit
781 965 1079 1007 concedendum
1097 967 1139 1008 in
1156 964 1247 1022 casu
1268 969 1349 1015 &c-

229 1256 586 1300 ERRACINEN.
610 1286 623 1305 ,
656 1258 730 1299 ET
761 1257 1115 1300 PRIVERNEN.
1151 1257 1325 1301 Erectus
1353 1257 1410 1300 est
1439 1259 1487 1300 ab
1519 1257 1791 1318 -Seff.22.cop.
1815 1264 1859 1315 92

244 1317 411 1371 antiquo
430 1323 624 1372 ternpo're
645 1316 687 1356 in
724 1317 988 1374 Arcilgurgae
1007 1318 1144 1357 Terra
1181 1316 1485 1359 Privernenfis
1521 1318 1573 1359 de
1588 1318 1767 1373 Reform.

165 1372 369 1415 Dioecefis
398 1375 488 1429 pius
503 1374 664 1428 quidam
683 1373 978 1416 frumentarius
1003 1374 1134 1417 Mons
1151 1402 1165 1422 ‚
1185 1375 1303 1426 cujus
1328 1374 1486 1417 Admi-

166 1432 376 1474 nistratori
394 1430 506 1482 juxta
528 1430 725 1483 majorem
744 1460 758 1478 ,
793 1432 859 1473 vel
880 1433 1082 1473 minorem
1109 1433 1167 1473 rei
1187 1432 1484 1474 frumentariae

166 1503 380 1531 annonam
402 1489 532 1541 major
554 1517 567 1537 ,
600 1488 666 1529 vel
690 1488 828 1530 minor
848 1490 927 1530 suae
962 1503 1109 1545 operae
1128 1504 1286 1531 merces
1324 1491 1367 1531 in
1387 1502 1487 1543 qua-

166 1549 256 1588 dam
275 1547 472 1588 frumenti
494 1546 728 1600 quantitate
748 1546 1082 1588 constituebatur
1101 1577 1113 1588 .

111 1607 242 1649 Anno
267 1606 389 1660 1758.
413 1633 425 1652 ,
461 1618 544 1658 quo
565 1618 643 1659 pro
666 1605 856 1646 mercede
876 1605 956 1645 duo
985 1605 1111 1645 rubra
1147 1601 1488 1645 Administratori

175 1663 380 1703 dabantur
413 1692 426 1710 ‚
446 1676 538 1703 cum
559 1662 653 1703 illud
674 1660 859 1703 officium
880 1661 1032 1703 vacasse
1053 1661 1284 1717 contigerit
1306 1690 1319 1710 ,
1334 1659 1485 1702 electus

169 1720 212 1761 in
245 1718 544 1761 Administrum
577 1719 654 1760 fuit
681 1734 703 1761 a
734 1721 804 1761 bo.
837 1735 913 1763 me.
946 1719 1155 1776 Episcopo
1191 1719 1381 1760 Odoardi
1414 1720 1489 1759 Pe·

167 1789 258 1819 trus
276 1777 420 1818 Paulus
439 1777 748 1819 Trentacarlini
769 1807 780 1818 .
819 1778 899 1819 Hic
921 1790 1024 1818 vero
1062 1791 1140 1834 per
1174 1776 1385 1831 publicum
1421 1777 1488 1816 In·

169 1835 441 1876 strumentum
461 1835 725 1891 duplicemin
759 1839 795 1876 le
816 1834 1116 1892 obligationem
1145 1833 1320 1890 suscepit
1342 1864 1356 1882 ‚
1389 1833 1487 1874 alte-

169 1906 258 1933 ram
292 1893 420 1935 Sacro
442 1894 585 1935 Monti
608 1894 782 1935 cedendi
807 1922 820 1941 ,
853 1893 908 1936 ὅς
941 1892 1126 1934 donandi
1162 1906 1250 1933 eam
1279 1890 1484 1932 frumenti

169 1951 447 2004 quantitatem
470 1981 484 2001 ,
510 1966 603 2007 quae
640 1966 720 2003 pro
754 1949 958 1994 Mercede
990 1949 1336 1993 Administratori
1367 1949 1490 1990 daba-

169 2018 240 2048 tur
264 2036 278 2054 ,
309 2009 479 2058 alteram
494 2023 599 2052 vero
618 2008 812 2051 tradendi
829 2009 1052 2064 quotannis
1081 2008 1215 2049 eidem
1254 2006 1399 2048 Monti
1434 2006 1487 2048 de

169 2065 537 2120 propriorubrum
572 2081 698 2108 unum
730 2066 932 2108 frumenti
966 2066 1182 2109 declarans
1203 2094 1216 2112 ,
1249 2065 1286 2105 se
1308 2075 1492 2106 conten-

170 2133 260 2162 tum
280 2123 358 2164 effe
376 2127 510 2166 :delli
533 2127 648 2181 soliti
662 2124 909 2180 crescimonic'
945 2125 1128 2168 naturali
1149 2153 1163 2173 ,
1188 2124 1260 2165 che
1285 2122 1487 2179 poteffero

170 2181 468 2237 augumentarfi
488 2180 789 2241 [lall'ejaggione
805 2185 988 2240 degrani
1006 2200 1035 2220 =

115 2236 373 2295 Aps-‘edicio
393 2237 597 2294 Episcopo
619 2253 727 2280 anno
749 2241 866 2294 1762.
883 2240 1035 2282 eleetus
1050 2237 1135 2280 fuit
1157 2237 1360 2292 Syndicus·
1385 2264 1399 2282 ,
1415 2236 1486 2290 qu?

170 2295 401 2338 rationibus
437 2294 800 2349 administrationis
818 2298 1022 2352 expensis,
1042 2296 1246 2351 praecepit
1268 2324 1282 2340 ‚
1300 2305 1344 2334 ut
1378 2306 1489 2345 prae-

169 2352 259 2398 fato
294 2352 602 2394 Trentacarlini
632 2354 741 2394 trina
770 2353 970 2394 frumenti
990 2358 1119 2394 rubra
1138 2353 1488 2393 condonarentur
1548 2380 1556 2391 .

171 2400 266 2465 qffae
316 2412 449 2452 tribus
492 2411 571 2452 suae
617 2409 996 2452 Administrationis
1031 2412 1148 2451 annis
1185 2410 1321 2449 eidem
1371 2418 1488 2446 mon-

169 2469 203 2509 ti
231 2468 392 2509 tradere
427 2469 669 2524 neglexerat
691 2498 703 2515 ,
732 2468 867 2508 voluit
906 2469 1070 2522 insuper
1105 2467 1211 2508 idem
1243 2462 1452 2517 Syndicus·
1473 2493 1486 2510 ,

173 2526 415 2580 praedictum
435 2527 827 2568 Administratorem
863 2525 1090 2568 absolutum
1122 2526 1345 2566 ab'onere
1374 2534 1490 2576 quo-

169 2583 308 2624 tannis
326 2585 516 2626 tradendi
553 2596 814 2627 conventum
849 2584 1022 2624 rubrum
1052 2611 1067 2632 ‚
1100 2584 1292 2639 suamque
1311 2592 1489 2637 operam

167 2639 209 2683 in
229 2640 446 2697 posterum
470 2644 595 2700 gratis
614 2643 692 2684 elle
718 2640 990 2699 praestandam
1008 2655 1024 2681 ε
1404 2695 1435 2735 P
1471 2691 1500 2734 st

1440 2707 1464 2735 o
