2008 2964
149 156 240 210 Seff.
259 166 324 208 25.
346 158 500 207 cap 4.3

150 214 194 259 dy
208 215 302 268 5.cle
319 211 498 266 Reform.

597 108 619 125 η
1089 105 1104 132 1
1143 122 1152 132 .
1181 92 1334 134 Martii
1358 105 1371 132 1
1410 92 1478 132 81.

597 108 651 152 ³4
665 149 1015 193 ERTHONEN.
1068 106 1479 191 st7JSP1-:NSIO7NIS
1520 178 1532 194 ‚
1581 151 1615 191 E
1634 150 1673 191 T
1719 150 1911 192 Rimu-

676 208 916 250 CTIONIS
949 206 1296 248 MiSSARUM.
1332 206 1476 247 Simon
1511 207 1703 250 Rebuttti
1736 209 1757 250 ὁ
1790 208 1904 250 Civi÷

582 277 666 309 tate
697 266 916 308 Novarum
949 263 1251 307 Det-thonensis
1285 264 1484 307 Diaecesis
1520 264 1559 305 in
1594 265 1680 317 ejus
1702 266 1847 307 ultimo
1882 294 1895 313 ,

583 325 696 375 quod
717 338 825 365 anno
851 324 969 380 1746.
997 323 1189 365 condidit
1207 352 1218 369 ‚
1238 323 1281 365 t&
1298 322 1366 363 sub
1385 337 1469 378 quo
1489 322 1657 364 subinde
1695 322 1864 365 decessit
1890 351 1904 371 ,

583 381 853 422 Testamento
876 380 1082 423 mandavit
1103 411 1113 427 ‚
1146 379 1257 436 quod
1277 394 1326 421 ex
1348 379 1541 422 omnibus
1573 380 1660 430 eius
1691 382 1905 422 Patrimo-

585 439 758 479 nialibus
779 440 906 480 Bonis
928 440 1224 480 detraheretur
1240 437 1391 479 fundus
1410 467 1422 485 ,
1439 437 1555 490 cujus
1590 439 1774 481 redditus
1807 438 1901 478 satis

584 496 714 538 essent
733 511 809 552 pro
833 497 1115 539 celebratione
1133 508 1312 551 quatuor
1330 495 1544 538 Miffarum
1583 495 1764 549 qualibet
1805 496 1905 538 heb-

585 553 758 597 domada
776 586 788 604 ‚
805 559 975 597 duarum
997 554 1147 596 scilicet
1163 553 1367 611 explenda
1389 553 1428 594 in
1463 553 1687 596 parochiali
1723 552 1903 596 Ecclesia

585 610 627 652 S.
646 612 832 655 Andreae
853 643 865 661 ,
883 613 1133 666 aliarumque
1156 611 1327 653 duarum
1352 612 1392 653 in
1412 612 1600 665 gtsscclefia
1631 612 1790 654 Mortis
1811 642 1824 660 ,
1856 609 1902 652 ὅτ.

586 669 808 712 Orationis
844 682 1081 725 nuncupata
1116 699 1125 709 .
1160 670 1241 710 Pro
1278 670 1355 713 hoc
1390 671 1652 727 adimplendo
1684 670 1902 711 Miffarum

584 741 716 769 onere
755 730 795 770 in
817 730 996 784 primum
1021 726 1321 782 Cappellanum
1340 727 1420 783 ipse
1442 727 1631 770 Testator
1666 725 1901 770 nominavit

581 785 889 840 Hieronymum
910 785 994 837 ejus
1016 799 1064 827 ex
1084 786 1207 826 Clara
1228 785 1386 826 Sorore
1405 785 1619 840 Nepotem
1639 815 1651 833 ,
1678 799 1813 840 eoque
1833 785 1902 824 de-

579 841 721 884 functo
753 872 765 891 ‚
800 844 1112 897 Juspatwnatus
1148 841 1342 898 passivum
1375 843 1522 886 detulit
1568 845 1609 885 in
1646 844 1744 885 alios
1792 840 1899 882 filies

580 901 765 942 omnium
784 900 961 953 ejusdem
990 901 1193 942 Sororum
1210 900 1407 955 gradatim
1428 931 1439 948 ‚
1458 902 1712 956 subindeque
1735 901 1778 941 in
1799 899 1900 940 alios

578 956 629 996 de
650 972 790 999 earum
821 958 1046 1013 respeciive
1084 959 1285 999 lineatam
1320 958 1549 999 Masculina
1571 990 1580 1004 ‚
1615 958 1736 1014 quam
1769 957 1901 999 faemi-

573 1013 853 1063 nina‚d0nec
889 1016 1129 1061 existerent,
1154 1016 1288 1067 eisque
1330 1014 1498 1054 defeftis
1518 1044 1530 1060 ,
1561 1015 1622 1066 jus
1659 1014 1900 1055 nominandi

569 1071 876 1127 Cappellanum
917 1072 1093 1112 contulit
1130 1070 1169 1109 in
1207 1070 1432 1110 Reciorern
1480 1071 1597 1112 difiae
1646 1071 1898 1113 Parochialis

568 1129 760 1170 Eccleliae
780 1128 821 1169 S.
842 1127 1026 1168 Andreae
1042 1159 1053 1176 ‚
1075 1131 1123 1170 ἅ,
1140 1129 1177 1167 in
1197 1126 1441 1168 Sodalitium
1469 1128 1660 1184 praefatae
1701 1127 1898 1170 Ecclesiae

569 1186 733 1229 Mortis
753 1191 775 1233 ,ἶ
794 1187 837 1227 ἃ.
867 1186 1087 1227 Orationis
1101 1185 1231 1239 aequis
1250 1185 1514 1240 portionibus
1537 1215 1546 1224 .

519 1245 674 1287 Rursus
693 1244 885 1286 Testator
903 1244 943 1285 in
963 1243 1049 1293 ejus
1070 1243 1389 1285 Codicillaribus
1421 1243 1590 1284 Tabulis
1612 1242 1763 1291 voluit,
1779 1242 1893 1298 qu'od

570 1314 735 1357 praeter
768 1302 866 1344 duas
902 1302 1043 1343 Milsas
1078 1302 1262 1356 qualibet
1284 1302 1542 1343 hebdomada
1559 1301 1828 1342 celebrandas
1850 1301 1894 1343 in

565 1370 742 1415 utraque
775 1359 987 1414 designata
1012 1358 1190 1401 Ecclesia
1207 1389 1218 1406 ‚
1248 1358 1321 1399 alia
1345 1360 1384 1399 in
1407 1359 1540 1400 iisdem
1579 1359 1807 1414 respec'iive
1828 1374 1898 1401 ce-

567 1417 802 1460 lebraretur
824 1448 835 1465 ‚
870 1420 921 1457 ita
938 1430 981 1457 ut
1001 1429 1085 1458 tres
1108 1417 1237 1458 elsent
1271 1418 1312 1457 in
1332 1430 1504 1472 utraque
1544 1416 1721 1460 Ecclesla
1740 1446 1751 1464 ,
1788 1419 1832 1459 ἂ
1850 1419 1893 1459 in

566 1473 732 1528 singulis
768 1475 1042 1515 hebdomadis
1082 1473 1213 1515 Miffie
1244 1475 1504 1517 celebrandae
1525 1505 1537 1523 ,
1567 1479 1888 1533 aggravandone

566 1533 647 1587 (ut
673 1533 752 1588 ipse
791 1531 992 1574 Testator
1014 1533 1182 1588 subdit)
1212 1535 1253 1573 in
1274 1543 1377 1574 tutto
1397 1535 1435 1575 [τι
1454 1537 1532 1575 mia
1567 1534 1730 1574 Ereclt'tc‘t
1749 1561 1760 1572 .

509 1591 696 1644 Sequuto
725 1588 954 1631 Testatoris
974 1591 1090 1631 obitu
1110 1620 1121 1636 ‚
1158 1590 1265 1631 istius
1283 1592 1539 1632 Executores
1571 1589 1893 1632 Testamentarii

568 1646 859 1702 processerunt
880 1647 928 1687 ad
962 1647 1274 1702 liquidationem
1306 1648 1540 1690 reddituum
1573 1650 1792 1690 Bonorum
1812 1647 1894 1687 hae-

557 1704 891 1751 ·1·editarioi·um,
930 1720 1034 1760 quos
1055 1703 1306 1759 liquidarunt
1340 1706 1380 1745 in
1401 1706 1542 1747 annuis
1577 1706 1691 1746 libris
1729 1715 1894 1746 tercen-

569 1773 657 1803 tum
679 1761 935 1817 septuaginta
957 1793 969 1809 ‚
989 1777 1036 1803 ex
1057 1762 1203 1816 quibus
1237 1762 1414 1818 demptis
1449 1763 1594 1805 annuis
1630 1763 1739 1804 libris
1780 1776 1891 1803 cen-

570 1830 658 1860 tum
679 1819 831 1874 viginti
864 1820 1025 1861 duobus
1060 1835 1137 1874 pro
1159 1834 1243 1860 aere
1261 1821 1397 1862 alieno
1419 1852 1432 1870 ‚
1465 1823 1577 1876 quod
1598 1821 1709 1862 inter
1729 1832 1891 1861 connu-

571 1889 785 1919 merarunt
807 1878 1001 1932 expensas
1040 1891 1118 1932 pro
1157 1878 1406 1931 Utenlilibus
1441 1908 1454 1927 ,
1487 1877 1609 1919 annui
1646 1878 1890 1933 supererant

575 1935 764 1977 redditus
783 1936 824 1976 in
862 1936 1009 1975 summa
1030 1935 1244 1975 Librarum
1278 1935 1500 1976 biscentum
1521 1934 1793 1991 quadraginta
1813 1962 1825 1980 ‚
1845 1935 1890 1974 &

574 1993 704 2040 ocio,
736 2005 860 2047 quam
898 1991 1150 2043 affignarunt
1186 1991 1445 2048 Cappellano
1482 2006 1558 2049 pro
1577 1992 1785 2034 Miffarum
1822 2006 1891 2033 ce-

572 2048 806 2092 lebratione
827 2076 839 2093 ‚
870 2047 1089 2089 constituta
1124 2049 1384 2103 eleemosyna
1419 2051 1467 2093 ad
1499 2051 1705 2093 rationem
1739 2049 1887 2092 obulo-

578 2120 670 2147 rum
692 2105 893 2147 sexdecim
933 2119 1011 2161 pro
1031 2107 1214 2159 qualibet
1232 2108 1349 2148 Miffa
1369 2138 1378 2147 .

517 2163 577 2206 At
612 2164 707 2219 quia
735 2161 930 2203 Defunffi
967 2163 1183 2205 haereditas
1221 2195 1234 2212 ,
1280 2178 1323 2207 ut
1354 2164 1588 2208 retulerunt
1627 2168 1882 2209 Executores

574 2220 891 2262 Testamentarii
916 2251 925 2266 ,
958 2233 1007 2260 ex
1041 2222 1228 2263 domibus
1261 2223 1520 2265 conflabatur
1541 2255 1553 2272 ‚
1589 2225 1632 2268 ἃ,
1666 2223 1884 2277 affignata..

574 2280 724 2321 summa
745 2279 941 2319 librarum
957 2279 1053 2332 248.
1074 2293 1123 2321 ex
1138 2293 1217 2320 una
1253 2280 1428 2336 ipsarum
1464 2282 1486 2323 a
1508 2283 1760 2339 Cappellano
1790 2286 1883 2333 per·

575 2337 656 2393 cipi
693 2337 866 2377 debebat
883 2365 895 2382 ‚
927 2337 1041 2388 cujus
1062 2337 1279 2393 pensiones
1299 2353 1390 2379 cum
1410 2340 1629 2381 admodum
1658 2351 1706 2378 ex
1736 2347 1881 2378 natura

575 2396 635 2435 rei
657 2393 814 2434 fuerint
836 2393 1063 2435 imminutae
1086 2425 1097 2442 ,
1130 2409 1307 2449 cumque
1343 2396 1620 2451 Cappellanus
1654 2394 1792 2435 Missas
1809 2393 1876 2434 ha-

572 2450 713 2493 &enus
748 2451 967 2492 celebrarit
991 2451 1141 2492 minori
1176 2453 1430 2506 eleemosyna
1460 2451 1521 2492 illa
1543 2465 1663 2505 ,quae
1688 2450 1878 2506 praescri-

571 2522 638 2567 pta
658 2509 733 2549 fuit
765 2509 804 2548 in
820 2508 951 2549 obulis
972 2509 1169 2550 sexdecim
1190 2524 1265 2563 pro
1279 2511 1476 2562 qualibet,
1495 2521 1622 2562 eaque
1654 2522 1702 2549 ex
1735 2509 1845 2550 causa
1863 2536 1877 2555 ,

569 2569 625 2613 ὅσ
652 2565 774 2607 titulo
808 2566 846 2606 se
865 2565 1116 2606 creditorem
1160 2566 1303 2606 afferat
1329 2566 1370 2605 in
1401 2565 1548 2605 summa
1569 2565 1765 2608 librarum
1787 2566 1874 2606 mil-

568 2625 603 2667 le
639 2623 969 2679 octingentarum
1003 2651 1015 2669 ,
1059 2623 1150 2664 hinc
1187 2622 1268 2664 duo
1306 2621 1500 2664 exhibitis
1545 2623 1737 2679 precibus
1778 2624 1869 2665 huic

1742 2682 1878 2725 Sacrae
