2002 2959
571 91 634 132 16.
656 89 806 135 Martii
826 94 951 150 1782:
1412 113 1470 156 35

157 139 224 181 vel
245 140 460 185 cont-saeta
480 144 684 189 Fidelibus
718 150 1095 203 distribuerentur3
1128 152 1241 198 Hinc
1278 152 1467 213 pluribus

156 197 414 252 Apostolicae
439 201 556 246 Sedis
591 205 862 250 sanfflonibus
894 209 1079 252 coercita
1114 212 1166 253 est
1203 215 1464 267 quorundam

159 256 358 312 cupiditas
382 288 390 303 ‚
412 259 480 312 qui
503 261 668 316 aliquod
686 263 896 319 spirituale
912 297 925 313 ‚
958 279 1025 309 aut
1048 267 1241 324 spirituali
1265 271 1470 313 adnexum

158 314 302 353 venale
336 312 473 356 facere
496 346 508 364 ‚
538 319 602 360 vel
625 321 798 375 pecunia
822 322 1024 379 possidere
1042 328 1336 378 autumabant,
1375 344 1469 385 gra-

157 369 408 425 viffimaeque
430 388 569 427 poenae
590 376 752 419 inflic'lae
775 408 787 427 ,
827 380 1084 434 &irrogatae
1106 384 1146 423 in
1170 398 1241 425 eos
1262 415 1274 434 ,
1310 387 1378 440 qui
1400 401 1469 428 ex-

157 426 284 468 ceffus
318 429 538 480 hujusmodi
558 445 722 487 patrare
758 434 836 476 ausi
873 435 1059 478 fuerint:
1095 438 1256 487 Nimis,
1288 457 1380 495 quae
1416 445 1467 486 ad

159 482 291 524 casum
312 487 561 540 praesentem
596 505 680 531 non
701 492 916 546 pertinent
934 521 945 539 ‚
979 494 1468 548 praestatauimadverte-

157 554 206 581 re
228 555 378 595 quanta
395 557 491 586 cura
516 574 529 593 ‚
564 547 607 588 δε
626 547 837 601 diligentia
858 549 1090 593 insteterint
1111 552 1265 594 Summi
1282 555 1465 597 Pontifi-

159 610 254 646 ces,
285 613 336 640 ne
361 600 410 650 ,in
444 602 806 646 sacramentorum
842 607 1190 651 administratione
1220 611 1316 665 quid
1351 612 1469 654 mini-

157 669 269 696 mum
290 658 580 712 perciperetur
601 674 611 699 :
643 661 685 701 In
703 662 795 716 Cap.
820 663 916 704 Cum
935 664 1104 721 Ecclefia
1125 682 1165 723 9.
1184 670 1232 709 de
1243 669 1424 711 Simonia
1440 686 1470 707 -τ

158 711 227 753 Sic
247 710 434 754 statuitur
464 733 491 752 =
521 716 584 757 Ne
598 719 725 774 igitar
741 722 788 760 cle
803 731 940 762 caetero
948 721 1059 775 fiant
1074 754 1086 771 ‚
1117 727 1178 766 vel
1188 740 1264 781 pro
1285 728 1467 784 personis

157 768 437 823 Ecclesiasticis
470 775 710 817 deducendis
742 778 957 834 insedeat,
992 783 1056 824 vel
1089 781 1371 826 Sacerdotibus
1406 787 1468 826 in-

146 824 362 878 stituendis
383 857 395 875 ,
429 832 764 887 autsepellienclis
783 839 954 877 mortuis
976 867 988 885 ‚
1021 840 1293 883 benedicendis
1319 841 1468 884 nuben-

154 882 286 930 tibus,
309 885 380 940 seu
409 889 503 928 aliis
520 890 791 933 Sat-ramentis
807 893 1053 945 conferendis
1078 925 1090 942 ‚
1111 898 1181 952 seu
1198 899 1356 941 collatis
1391 901 1466 942 ali·

156 941 257 995 quicl
271 944 464 999 exigatur
483 946 696 1000 (lilirz‘c‘fi'us
716 951 971 1003 prohibemus
990 983 999 993 .
1036 953 1082 994 Si
1114 956 1203 1010 quis
1219 967 1352 997 autem
1373 971 1468 999 con-

158 1006 234 1095 {mh
242 999 317 1040 hoc·
333 1003 1004 1063 venire‚prcesumpsez·it‚pot·tionem
1025 1023 1110 1052 cum
1129 1011 1292 1068 Gie3iJe
1307 1016 1467 1056 noverit

186 1070 208 1095 a
237 1066 429 1098 iturum:

99 1110 333 1165 Loquendo
364 1116 466 1158 vero
490 1117 540 1157 de
571 1120 920 1166 administratione
954 1124 1208 1167 Sacramenti
1230 1126 1468 1170 Confirma-

156 1168 282 1211 tionis
315 1172 409 1227 Cap.
440 1174 651 1231 Quidquid
679 1179 885 1233 invifiln'lis
921 1196 1014 1222 101.
1049 1185 1153 1239 caus.
1194 1198 1228 1224 1.
1264 1185 1399 1240 quaeft.
1426 1200 1462 1226 1.

154 1229 404 1283 praecipitur
427 1260 440 1277 ,
488 1247 537 1271 ne
569 1233 681 1286 quod
724 1236 931 1279 invisibilis
965 1241 1111 1293 gratiae
1148 1243 1463 1286 consolatione,

153 1283 353 1326 tribuitur
374 1317 386 1335 ‚
405 1289 624 1342 quaestibus
649 1320 660 1337 ,
685 1293 750 1333 vel
775 1295 1022 1347 quibuslibet
1047 1298 1227 1352 praemiis
1247 1301 1461 1342 venunda-

156 1341 196 1381 ri
222 1343 384 1397 penitus
416 1346 593 1394 debeat,
624 1349 666 1389 ἃ,
694 1349 762 1390 sub
782 1352 1018 1406 graviffitnis
1037 1356 1174 1410 poenis
1194 1356 1370 1399 vetitum
1403 1356 1458 1398 est

155 1400 372 1454 pecuniam
393 1403 579 1458 recipere
603 1420 678 1459 pro
698 1406 950 1461 baptizandis
972 1442 982 1457 ,
1016 1412 1380 1470 consignandisque
1399 1414 1464 1456 Fi·

155 1457 317 1498 delibus
337 1488 350 1505 ,
378 1470 447 1500 aut
466 1460 686 1504 collatione
720 1464 961 1508 Chrismatis
981 1497 995 1515 ‚
1028 1469 1096 1511 vel
1119 1471 1464 1525 promotionibus

158 1516 384 1568 graduum,
419 1516 462 1558 ἃ.
481 1517 521 1557 in
541 1519 634 1576 Cap.
660 1533 750 1576 105.
776 1524 879 1565 sliH'a
897 1527 1002 1581 caus.
1029 1541 1150 1581 1.qu.
1176 1542 1211 1567 1.
1233 1527 1405 1568 habetur
1436 1543 1465 1566 =
1527 1579 1531 1582 V

158 1571 324 1613 Dlffum
343 1574 395 1628 est
403 1576 532 1629 solere
548 1578 587 1617 in
607 1579 836 1635 quibusdam
854 1581 951 1621 Iocis
964 1585 1215 1638 perceptione
1234 1584 1264 1626 C
1265 1585 1466 1642 nrismatic

159 1644 345 1671 nummos
366 1634 456 1673 dari
477 1661 489 1679 ,
518 1633 694 1679 similiter
711 1651 788 1691 pro
815 1638 1016 1694 Baptismo
1038 1671 1048 1687 ,
1076 1641 1121 1686 dy
1146 1642 1434 1684 Communione
1450 1655 1464 1683 ε

158 1687 252 1729 Hoc
265 1688 501 1731 Simoniacre
533 1693 686 1748 lzaerefis
700 1695 827 1746 semen
863 1695 1048 1745 detestata
1078 1697 1129 1752 est
1158 1699 1303 1741 Sanc‘Ta
1337 1700 1467 1754 Syno-

158 1744 233 1784 dus
253 1773 265 1791 ,
301 1745 355 1789 ὃς
373 1749 726 1805 anathematizavit
746 1780 758 1797 ,
790 1753 834 1797 dy-
851 1761 894 1792 ut
910 1754 960 1794 cle
974 1765 1112 1796 caetero
1133 1784 1146 1802 ,
1176 1770 1248 1797 nec
1259 1771 1335 1812 pro
1355 1757 1466 1798 ordi-

159 1803 321 1843 natione
342 1831 355 1850 ,
385 1819 456 1847 nec
478 1820 553 1860 pro
573 1806 603 1846 C
605 1808 789 1863 hrisnmte
811 1838 823 1855 ‚
854 1810 916 1851 vel
932 1810 1132 1868 Baptifmo
1159 1841 1172 1859 ,
1197 1815 1258 1855 vel
1273 1829 1350 1869 pro
1371 1815 1465 1855 Bal·

150 1858 267 1914 samo
289 1888 302 1906 ,
333 1876 404 1903 nec
425 1877 500 1917 pro
527 1864 734 1919 Sepoltura
771 1895 783 1913 ‚
828 1867 892 1908 vel
925 1867 1211 1912 communione
1245 1873 1465 1928 quidquam

165 1916 385 1971 exigatur,
408 1919 553 1973 statuit
574 1951 586 1969 ‚
613 1923 681 1978 secl
701 1925 833 1981 gratis
853 1925 959 1966 dona
995 1926 1138 1981 Clu-isti
1164 1931 1349 1984 gratuita
1387 1930 1465 1986 dis·-

160 1973 390 2027 pensatione
408 1980 609 2020 donentur
626 2009 638 2020 .

104 2030 154 2070 In
182 2030 294 2069 Taxa
314 2029 412 2080 juffu
428 2034 507 2077 san.
530 2037 902 2079 mem.1un0centii
923 2040 993 2081 XL
1014 2039 1122 2083 edita
1143 2071 1155 2090 ,
1189 2041 1235 2084 ἃ,
1252 2043 1300 2083 ab
1314 2042 1464 2084 eodem

166 2086 373 2128 Pontifice
409 2091 474 2131 die
510 2107 546 2133 1.
571 2094 766 2137 Ofiobris
787 2097 902 2150 1678.
933 2099 1110 2154 probata
1132 2130 1144 2148 ,
1176 2101 1243 2141 ubi
1278 2101 1466 2143 firmatur

166 2158 262 2198 quae
293 2145 569 2192 emolumenta
599 2152 706 2207 exigi
739 2155 905 2209 possunt
930 2169 951 2196 a
987 2155 1128 2197 Curiis
1154 2158 1468 2214 Episcopalibus

165 2215 247 2257 pro
269 2201 389 2243 causis
405 2204 687 2250 Ecclefiasticis
707 2239 718 2256 ,
746 2211 856 2252 inter
875 2213 947 2252 alia
966 2213 1220 2267 praefinitum
1250 2214 1327 2254 fuit
1349 2233 1376 2252 =
1393 2218 1469 2256 Per

162 2273 245 2299 una
257 2260 393 2316 regola
403 2266 588 2318 generale
602 2267 650 2306 cla
667 2281 745 2307 non
754 2269 992 2324 soggiacere
1004 2283 1027 2309 a
1042 2269 1286 2327 limita3ione
1302 2274 1469 2319 alcuna:

169 2316 202 2357 il
233 2318 405 2374 Vescouo
427 2349 441 2368 ,
470 2335 493 2361 o
512 2322 616 2361 altro
652 2324 810 2364 Prelato
832 2354 845 2371 ‚
866 2327 944 2379 suo
977 2326 1139 2368 Vicario
1159 2328 1370 2375 Generale
1389 2357 1401 2373 ‚
1441 2343 1466 2368 ο

164 2376 408 2429 particolare
429 2408 441 2425 ‚
470 2378 709 2420 Cancelliere
739 2408 751 2426 ,
796 2395 820 2420 ο
854 2382 1082 2437 qualemque
1112 2385 1216 2425 altro
1251 2384 1430 2439 Officiale
1452 2413 1467 2432 ,

171 2430 357 2485 Ministro
382 2463 393 2480 ,
417 2450 438 2476 e
454 2436 668 2477 Familiare
689 2465 702 2482 ,
741 2440 864 2478 anche
882 2438 992 2492 sotto
1009 2453 1124 2481 nome
1151 2442 1194 2482 di
1222 2443 1378 2482 mancia
1401 2471 1413 2489 ,
1444 2457 1469 2482 o
1527 2495 1531 2499 ῃ

172 2488 397 2531 volontario
417 2495 605 2534 donativo
626 2522 638 2539 ‚
669 2509 746 2534 non
760 2496 881 2548 potrc'z
906 2495 1048 2552 efigere
1066 2524 1077 2543 ,
1109 2512 1131 2538 e
1162 2499 1332 2540 ricevere
1364 2514 1468 2540 emo-

174 2544 348 2586 lumento
367 2549 511 2591 alcum)
530 2581 542 2598 ‚
573 2552 653 2592 cosi
673 2553 711 2591 in
731 2554 878 2594 denaro
897 2581 909 2600 ,
934 2567 1044 2594 come
1057 2556 1097 2595 in
1117 2557 1348 2611 qualunque
1364 2559 1468 2598 altra

173 2602 262 2656 cosa
283 2605 323 2643 in
340 2615 441 2646 tutto
469 2610 600 2664 quello
621 2639 633 2656 ‚
665 2610 733 2650 che
758 2611 945 2665 riguarcla
977 2611 1378 2667 l'amn1inifirr03c‘one
1404 2613 1473 2661 de'*

169 2658 425 2716 Sagramenti
439 2667 502 2706 del
518 2666 726 2720 Battestnm
749 2696 761 2713 ,
794 2669 895 2708 della
917 2668 1101 2721 Crefisna,
1120 2670 1222 2711 della
1243 2672 1469 2728 Peniten3a,

174 2717 264 2759 zlell'
283 2718 501 2774 Eucaristia
524 2753 536 2771 ‚
572 2740 593 2767 e
622 2724 714 2767 dell'
734 2724 890 2781 efirema
915 2726 1094 2781 Un3ione
1122 2744 1150 2768 =
1180 2727 1389 2786 Quodque
1421 2731 1469 2792 ab

290 2776 470 2822 Tom.Ll.
902 2783 936 2824 E
967 2797 991 2826 2
1337 2799 1472 2829 omm-
