2002 2959
154 169 157 171 ‚
561 114 630 169 ¹¹4·
651 109 886 169 Septembris
907 114 1033 171 1782:
1399 129 1480 177 139

148 168 342 229 suppreffi
367 169 623 233 Conventus
640 188 718 228 pro
739 186 847 213 nova
868 170 1093 214 parochiali
1109 170 1238 216 fuerit
1254 171 1465 231 affignata.

147 233 238 274 Hac
256 232 471 272 occasione
506 229 704 286 Religiofi
739 245 759 271 a
797 229 1051 274 Sanctisfimo
1085 231 1273 274 Domino
1308 234 1467 277 Nostro

148 289 408 345 postularunt
430 316 442 334 ,
476 298 519 327 ut
541 287 651 341 pium
673 288 872 342 Legatum
891 288 1023 329 Casati
1041 288 1090 329 ad
1111 288 1330 332 Ecclesiam
1346 292 1476 348 Burgi

152 348 195 390 S.
217 344 407 388 Donnini
426 344 654 387 transferre
672 345 913 400 dignaretur
932 344 1033 387 faeta
1053 357 1189 388 tamen
1211 361 1388 390 onerum
1410 364 1474 391 re·

152 403 346 447 dufiione
367 433 381 451 ‚
414 402 630 444 velsaltem
648 403 882 443 facultatem
906 402 1195 456 impertiretur
1227 405 1473 448 restituendi

152 461 385 502 haeredibus
407 461 538 502 Casati
553 459 673 502 libras
690 461 1011 515 4388.erogatas
1028 461 1067 500 in
1089 460 1346 517 emptionem
1367 465 1478 506 Prae-

157 520 321 560 diorum
339 519 442 559 della
465 519 638 574 Volpora
658 546 667 556 .

98 578 298 625 Precibus
317 576 481 618 adltoefit
502 576 691 615 Summus
706 573 921 621 Pon-tifex,
941 573 1066 628 quiin
1082 575 1285 618 audientia
1299 577 1378 619 diei
1405 585 1474 632 135

161 635 419 692 Septembris
447 634 566 687 1780.
590 632 795 673 mandavit
815 661 828 679 ‚
858 644 899 672 ut
917 631 1016 673 fieta
1044 633 1306 674 restitutione
1340 635 1474 676 <lieta-

159 708 252 735 rum
277 693 472 732 librarum
489 690 614 745 4388.
647 719 660 736 ,
693 703 767 730 nec
791 703 873 729 non
895 687 993 730 fasta
1012 689 1188 731 cesiione
1208 689 1355 733 favore
1396 693 1473 733 Ec·

157 751 289 792 clefiae
310 747 553 790 parochialis
574 747 874 788 Chiavenuaez
893 746 1043 789 Landoe
1071 748 1240 789 aliarum
1274 750 1475 791 librarum

157 820 284 851 2012.
309 835 321 854 ‚
359 821 452 860 quae
468 823 487 847 a
506 805 670 847 Familia
688 804 819 847 Casati
841 804 1133 847 retinebantur
1151 837 1160 853 ,
1195 808 1395 849 immunes
1417 807 1476 849 es-

159 866 246 906 sent
272 861 464 919 Religiosi
486 862 769 919 Augustiniani
790 878 809 904 a
831 879 1093 920 quocumque
1108 877 1239 906 onere
1277 897 1287 906 .
1321 867 1480 906 Praete-

157 934 235 964 rea
247 923 489 963 Placentino
526 922 732 979 Episcopo
768 920 1002 964 facultatem
1037 921 1215 971 injunxit
1249 923 1479 965 reducendi

156 979 374 1022 Miffarum
395 982 580 1022 oneraad
603 992 727 1022 ratam
775 980 981 1022 redituum
1008 1011 1018 1021 .
1055 979 1213 1022 Verum
1232 996 1324 1023 cum
1345 981 1473 1022 Mar-

159 1038 257 1080 chio
278 1037 467 1092 Aloysius
491 1039 625 1080 Casati
661 1039 850 1079 adversus
883 1039 1134 1093 petitionem
1171 1039 1478 1094 Religiusorurn

159 1095 412 1138 reclamasset
433 1128 442 1142 ,
474 1096 622 1152 placuit
643 1094 894 1138 Sanetiffimo
910 1097 1100 1138 Domino
1119 1096 1276 1139 Nostro
1290 1111 1378 1137 rein
1410 1107 1479 1137 to-

159 1164 243 1196 tam
260 1152 413 1204 judicio
428 1153 517 1195 Sac.
536 1153 887 1210 Congregationis
905 1155 1101 1196 subiicere
1118 1185 1132 1202 ,
1161 1157 1359 1209 quocirca
1378 1167 1474 1196 cau·

160 1212 395 1275 saequatuor
415 1212 564 1268 partita
585 1211 716 1254 dubiis
736 1212 785 1253 ab
802 1212 884 1253 ΕΞ.
907 1211 1004 1255 VV.
1036 1212 1272 1256 definienda
1307 1225 1484 1269 propo-

163 1281 279 1311 nitur
297 1299 308 1309 .

105 1333 173 1375 Ad
190 1329 220 1367 Ι.
243 1327 425 1370 advertit
445 1328 642 1371 Marchio
663 1326 850 1383 Aloyfius
869 1327 1275 1385 PP.Augustinianos
1294 1326 1480 1370 reticuis-

173 1386 212 1426 se
235 1385 375 1427 statum
391 1414 403 1433 ,
435 1387 479 1427 ἃ,
496 1387 729 1440 qualitatem
746 1387 999 1440 praediorum
1016 1388 1118 1429 del-la
1144 1388 1319 1443 Volpara
1340 1416 1354 1434 ‚
1382 1386 1486 1426 ube·

163 1442 369 1497 rimofque
389 1441 545 1483 fruetus
568 1474 580 1492 ,
614 1443 683 1498 qui
703 1442 751 1482 ab
780 1442 824 1482 iis
855 1445 1145 1500 percipiuntur
1182 1473 1195 1492 ,
1224 1458 1268 1485 ac
1298 1443 1482 1483 similiter

163 1500 368 1542 reticuisse
395 1500 668 1555 hypothecam
688 1530 697 1546 ,
732 1499 795 1540 cui
810 1499 1052 1542 Canonicus
1085 1500 1217 1542 Casati
1251 1501 1293 1540 iu
1328 1499 1483 1540 luttru-

165 1567 312 1599 mento
328 1557 606 1614 acquisitionis
624 1558 766 1599 eadem
786 1558 892 1600 bona
905 1558 1074 1611 subjecit
1097 1571 1175 1613 pro
1191 1557 1338 1597 tutiori
1364 1555 1488 1609 legati

166 1615 492 1673 adimplenietito
514 1647 522 1663 ,
558 1630 651 1670 quae
670 1615 879 1670 quidemst
916 1617 1083 1658 Summo
1115 1613 1310 1656 Pontifici
1346 1614 1485 1654 inno-

168 1674 332 1715 tuissent
351 1704 363 1722 ‚
396 1675 461 1716 vel
480 1674 649 1728 gratiam
667 1673 848 1715 abiolute
866 1672 1098 1729 denegasset
1135 1701 1148 1720 ‚
1180 1673 1245 1713 vel
1275 1670 1482 1712 difficilius

164 1732 453 1781 conceffiffet3
487 1733 579 1774 hinc
598 1731 762 1774 sustinet
795 1732 1038 1788 rescriptum
1064 1729 1344 1785 subreptionis
1375 1728 1481 1770 vitio

166 1790 355 1831 laborare
373 1805 386 1832 ε
416 1791 621 1846 Muscard.
639 1793 687 1832 de
699 1790 859 1846 probat.
873 1791 999 1834 conci.
1019 1789 1117 1843 486.
1153 1801 1261 1828 num.
1302 1800 1364 1842 17.
1385 1815 1398 1834 ‚
1430 1786 1486 1830 <Sc

172 1850 328 1904 sequen·
353 1849 511 1892 Valent.
532 1851 579 1890 de
591 1863 633 1890 re
652 1848 757 1890 Eccl.
783 1859 861 1889 vet.
889 1859 953 1902 14.
974 1845 1166 1900 num.46.
1188 1874 1201 1893 ‚
1232 1843 1287 1888 ὅσ
1315 1857 1386 1899 47.

111 1906 242 1948 Addit
259 1906 466 1961 praeterea
482 1904 756 1961 gravissimum
776 1904 922 1947 inferri
941 1906 1095 1960 Legato
1111 1904 1182 1944 Pio
1198 1901 1484 1957 praejudicium

167 1962 193 2005 si
215 1964 435 2019 Religiosis
475 1963 694 2005 arbitrium
709 1964 913 2005 tribuatur
927 1952 1172 2018 de'issanendi
1191 1960 1313 2001 libras
1333 1959 1485 2014 4388..

171 2020 217 2063 &L
238 2024 346 2064 bona
376 2022 479 2065 della
523 2021 696 2076 Volparcz
730 2020 960 2076 applica-ndi
994 2018 1241 2062 Conventui
1274 2017 1401 2073 Burgi
1439 2016 1483 2057 S.

167 2079 361 2121 Donnini
380 2109 392 2128 ‚
423 2093 515 2120 cum
535 2092 583 2119 ex
608 2078 710 2119 hisce
732 2078 852 2121 bonis
873 2079 1157 2137 percipiantur
1175 2075 1377 2118 annuasc.
1412 2085 1485 2128 47.

174 2150 247 2192 37.
270 2167 282 2185 ‚
312 2138 459 2192 quibus
478 2135 624 2179 additis
638 2136 723 2179 aliis
742 2140 790 2179 sc.
813 2138 851 2179 6.
868 2152 938 2193 37.
958 2150 980 2178 a
998 2135 1161 2177 Familia
1178 2134 1312 2176 Casati
1332 2131 1488 2189 persol-

171 2194 319 2236 vendis
341 2225 353 2243 ,
378 2193 582 2236 conflatur
600 2194 749 2237 summa
786 2195 1121 2251 superabundans
1140 2193 1264 2247 legati
1285 2189 1492 2245 adimple-

173 2266 349 2302 ment03
383 2250 583 2293 Verumfi
607 2252 789 2293 restituta
820 2251 994 2308 pecunia
1026 2252 1067 2291 in
1102 2249 1188 2291 aliis
1226 2247 1485 2303 Capita‘ibus

170 2309 413 2352 investiatur
432 2308 580 2351 minori
599 2308 848 2352 interusurio
868 2321 983 2358 ,tunc
1004 2308 1244 2349 minuentur
1261 2303 1446 2345 redditus
1470 2331 1486 2352 ,

170 2369 241 2424 qui
261 2382 434 2410 onerum
458 2364 712 2408 satisfaffioni
731 2380 817 2407 uon
837 2365 1007 2421 amplius
1026 2362 1263 2406 sufficerent
1287 2390 1299 2402 .

114 2428 336 2482 Perperam
351 2424 537 2473 obiici,in
559 2423 749 2479 precibus
769 2434 978 2464 narratum
998 2422 1075 2461 elie
1092 2418 1360 2475 praediadella
1385 2417 1492 2461 Vol·

165 2499 270 2539 parri
287 2495 525 2541 comparata
540 2481 653 2523 fuiffe
674 2494 723 2520 ex
742 2480 927 2535 pecuniis
947 2477 1094 2520 relictis
1114 2493 1134 2520 a
1154 2477 1376 2518 Canonico
1395 2475 1489 2516 Ca·-

172 2541 245 2582 sati
269 2570 280 2589 ,
311 2542 459 2597 illaque
478 2540 756 2596 hypothecata
774 2551 852 2595 pro
870 2538 1084 2580 securitate
1100 2535 1217 2592 legati
1239 2564 1252 2583 ,
1269 2534 1382 2589 quod
1401 2532 1487 2587 ipse

174 2599 406 2641 instituerat
431 2614 442 2647 ;
476 2597 842 2653 Respondetenim
855 2612 903 2637 ex
922 2596 1110 2636 involuta
1130 2591 1359 2647 hujusmodi
1387 2604 1499 2632 nar-

174 2658 337 2705 ratione
357 2656 569 2697 Summum
588 2654 835 2700 Pontificem
853 2654 1069 2752 percipgre
1090 2665 1176 2695 nou
1193 2649 1368 2710 potuiffe
1392 2649 1495 2690 vin-

371 2714 553 2757 T0m.LI.
1007 2711 1014 2721 “
1049 2723 1073 2752 2
1425 2718 1495 2748 cu·
