2002 2959
500 139 564 183 14.
592 128 834 186 Septembris·
866 130 990 188 1782:
1387 143 1467 190 157

133 188 293 246 servare
311 187 508 241 eJ'ufinodi
525 190 704 230 ordinem
724 189 985 236 alternative,
1019 197 1141 248 atque
1161 192 1265 233 hunc
1282 191 1462 234 ordinem

137 259 212 303 per
241 244 387 287 obitum
407 277 416 290 ‚
434 246 498 287 vel
510 248 769 288 mutationem
787 247 968 304 Episcopi
982 262 1240 305 nequaquam
1257 250 1394 292 debere
1408 252 1475 300 ἰη-ο

145 305 337 359 terrumpi
367 302 433 344 lib.
447 304 508 345 ια’.
531 306 675 346 decret.
690 304 865 362 pag.96.

79 354 129 403 Ῐο
152 360 342 402 Civitatis
367 360 598 415 Castellanoe
634 392 647 409 ‚
682 365 726 408 ὺ·
757 364 950 403 Hor-canae
977 364 1043 403 die
1077 363 1137 403 18.
1170 363 1284 419 Junij
1329 363 1453 418 1624.

139 420 194 461 ad
211 418 241 458 l.
266 419 440 460 Dubium
461 419 675 473 respondit
692 437 720 457 =
737 420 968 474 Episcopum
989 422 1029 459 in
1060 421 1199 476 aliqua
1226 430 1341 475 parte
1357 424 1462 464 alte-

145 479 297 524 riusex
327 478 444 519 dietis
463 477 698 531 Diaeceszbus
723 477 950 523 reficientem
976 477 1052 533 sus:
1081 478 1326 533 obligationi
1354 480 1463 520 circa

147 533 396 586 refidetttyam
427 537 565 590 utique
583 533 848 589 satisfacere,
878 535 972 574 dum
990 545 1124 575 tamen
1159 537 1200 576 in
1234 537 1374 592 aliqua
1412 549 1468 577 ex

141 593 230 650 suis
249 591 561 634 Catlzedralibus
578 591 743 647 resideat
770 591 1011 646 temporibus
1043 592 1092 632 ab
1119 595 1252 634 eodem
1288 594 1469 635 Concilio

141 650 387 706 praescriptis
423 652 579 691 decreto
612 663 697 704 cap.
719 662 752 688 1.
773 652 868 706 vers.
903 650 1056 705 eosdem
1087 651 1244 692 interim
1280 653 1468 693 admonet

152 707 248 764 Seff.
265 720 332 761 23.
360 708 465 750 didio
485 707 554 748 lib.
569 719 631 746 12.
649 708 790 749 decret.
806 720 1007 766 pag.173.
1027 706 1071 746 Id
1095 706 1222 762 ipsum
1241 709 1468 750 confirma-

149 766 212 806 vit
244 765 308 806 die
345 777 406 817 13.
441 763 614 821 Augusti
649 764 769 818 1650.
799 767 839 805 in
877 766 1028 807 Valven
1067 793 1080 813 ,
1111 767 1154 810 ὼ·
1185 766 1422 807 Sulmoneu.
1445 794 1461 814 ,

152 822 290 878 quoad
320 822 500 863 Primum
530 821 728 872 dubium,
761 823 816 867 ὅσ
849 823 889 862 in
925 825 1066 864 eadem
1097 822 1212 864 causa
1255 822 1461 879 propost-

152 892 198 923 to
219 879 286 920 111.
308 896 335 918 =
368 880 432 921 An
453 879 693 922 Funffiiones
730 879 986 936 Pontificales
1023 881 1188 923 debeant
1228 882 1466 923 alternatim

144 938 291 995 peragi
322 939 364 977 in
394 937 512 978 όὶέῖίε
538 938 692 979 duabus
728 938 908 985 Ecclefiis
943 938 1244 981 cathedralibus
1282 968 1295 987 ‚
1333 940 1378 985 dy
1406 953 1462 979 nn

139 996 262 1050 prius
290 996 332 1035 in
364 994 537 1045 Ecclesia
579 994 762 1050 Valvensi
793 999 852 1038 uti
882 998 1105 1053 antiquiori
1135 1013 1162 1034 =
1194 995 1460 1052 respondit:

151 1050 248 1094 Non
268 1055 391 1094 teneri
405 1053 631 1096 alternatim
651 1082 664 1101 ‚
679 1057 745 1107 scd
757 1065 911 1096 tantum
924 1057 1053 1110 prima
1071 1054 1326 1110 Pontificalia
1344 1067 1462 1096 exer-

151 1123 240 1153 cere
255 1111 392 1152 debere
404 1111 443 1151 in
464 1110 634 1163 Ecclefin
658 1112 841 1170 Valvenst
869 1124 1062 1170 tanquam
1097 1115 1276 1172 digniori
1290 1112 1358 1155 lib.
1401 1126 1463 1168 ¹9·

156 1170 304 1210 decret.
321 1182 446 1224 pag-7
459 1182 492 1208 1.
516 1198 528 1216 ,
549 1170 591 1214 dy
608 1180 679 1225 72³..

96 1224 277 1268 Sustinet
313 1226 509 1281 Gonraleg
538 1228 592 1268 acl
621 1229 660 1269 d.
696 1238 827 1285 caput.
849 1228 920 1269 ²Te
935 1227 1128 1282 referente
1144 1230 1192 1271 a'e
1211 1228 1328 1271 celeb.
1353 1226 1467 1285 Miff.

149 1297 308 1326 num-1.
326 1283 673 1327 cousuetudinem
709 1284 915 1326 inductam
935 1315 947 1332 ,
981 1298 1024 1326 ut
1060 1287 1101 1326 in
1137 1299 1219 1327 una
1236 1296 1399 1327 tantum
1418 1299 1469 1328 ex

150 1340 339 1389 Ecclesiis
359 1340 678 1384 Cathedralibus
695 1344 818 1384 unitis
836 1343 904 1384 fiat
922 1342 1145 1385 Sacrorum
1163 1343 1370 1385 oleorum
1392 1345 1463 1386 be-

153 1398 335 1441 nedietio
360 1399 597 1439 servandam
617 1400 692 1441 esse
708 1415 720 1449 ;
739 1400 937 1442 Advertit
956 1411 1094 1442 tamen
1110 1402 1229 1443 Card.
1249 1402 1363 1443 Petra
1379 1402 1468 1443 loco

153 1459 276 1500 citato
289 1466 470 1509 num.14.
495 1485 507 1503 ,
525 1457 640 1511 quod
653 1458 997 1499 adinducendam
1027 1458 1151 1500 talem
1188 1457 1467 1500 consuetudi-

155 1529 250 1556 nem
286 1513 578 1555 conslstentem
611 1514 651 1555 in
688 1514 842 1558 affibus
878 1514 1125 1558 facultativis
1155 1529 1240 1556 non
1275 1514 1465 1556 sufficere

152 1571 379 1628 simplicem
395 1570 698 1614 observantiam
719 1602 731 1620 ,
761 1573 827 1614 sed
867 1573 1022 1629 requiri
1050 1573 1159 1615 aestus
1189 1573 1469 1627 importantes

155 1628 514 1688 praescriptionem
545 1660 554 1675 ‚
597 1630 637 1671 id
672 1631 728 1674 est
762 1630 1024 1672 voluntatem
1064 1631 1320 1674 contrariam
1368 1644 1465 1672 cum

157 1686 435 1743 aquiescentia
457 1717 468 1736 ,
488 1686 531 1729 ὅτ.
547 1688 796 1744 Episcopum
818 1687 1074 1729 laudabiliter
1091 1695 1126 1730 le
1141 1701 1291 1743 gerere
1309 1716 1322 1734 ‚
1337 1711 1340 1714 v
1356 1686 1382 1727 si
1401 1685 1470 1726 ali-

157 1743 326 1801 quando
344 1744 386 1785 in
405 1745 599 1786 alterutra
611 1760 660 1788 ex
681 1747 756 1788 suis
776 1744 962 1789 Ecclefiis
981 1745 1102 1788 unitis
1122 1744 1472 1796 hujusmodiPon·

157 1801 319 1845 tificalia
337 1814 505 1858 peragat
526 1833 538 1850 ,
564 1806 911 1857 quemadmodum
930 1803 1119 1846 definivit
1157 1802 1247 1845 Sac-
1274 1800 1468 1858 Congre-

155 1860 268 1916 gatio
288 1860 330 1901 in
353 1860 609 1903 Geruntinen.
631 1892 645 1911 ‚
666 1864 710 1909 dy
736 1863 936 1905 Cariaten.
960 1891 973 1910 ‚
1000 1860 1043 1903 in
1074 1860 1284 1916 quainter
1303 1859 1377 1902 alia
1396 1858 1472 1900 dis—

159 1929 305 1975 putato
323 1918 397 1960 tv.
419 1919 544 1959 dubio
562 1936 590 1956 =
610 1921 674 1962 An
694 1949 708 1968 ‚
737 1922 782 1967 dy
809 1922 1009 1977 quomodo
1044 1920 1260 1976 Episcopus
1287 1927 1474 1960 teneatur

158 1976 322 2021 reficiere
339 1978 379 2017 in
395 1977 625 2020 cathedrali
639 1979 861 2021 Ger-antina
882 1979 959 2019 Die
978 1990 1014 2019 2-
1041 1977 1222 2021 Offobris
1250 1975 1375 2031 1706.
1408 1987 1477 2015 re-

157 2031 315 2087 scripsit
333 2050 360 2071 =
381 2034 584 2091 Negative
603 2036 975 2093 ,ib-injungendum
994 2035 1140 2093 censuit
1174 2034 1362 2092 Episcopo
1384 2064 1396 2080 ‚
1428 2040 1476 2073 ut

156 2099 267 2134 curet
290 2091 454 2142 residere
467 2095 587 2134 etiam
605 2096 647 2136 in
684 2081 852 2150 Ecclesia
875 2095 1132 2141 Geruntinen.
1143 2092 1290 2148 saltem
1325 2092 1367 2133 in
1394 2089 1473 2131 nli·

162 2149 304 2206 quilyus
321 2149 458 2190 diebus
473 2151 774 2203 solemnioribus
785 2153 852 2194 lib.
859 2151 927 2207 56.
946 2152 1091 2193 decret.
1107 2163 1207 2207 pag.
1226 2162 1250 2203 3
1257 2161 1323 2202 32·
1351 2175 1365 2195 2
1382 2160 1479 2201 quae

163 2205 360 2246 resolutio
375 2206 617 2249 confirmata
635 2208 712 2250 fuit
727 2212 791 2253 die
825 2224 889 2252 11.
911 2206 1124 2263 Februarij
1144 2208 1264 2263 1708.
1286 2205 1360 2248 lib.
1394 2204 1468 2257 58.

162 2266 308 2305 decret.
322 2275 497 2321 pag.53.

104 2323 185 2363 Pro
201 2321 458 2362 resolutione
476 2320 697 2362 dubiorum
716 2321 788 2364 IV.
803 2323 859 2364 V.
878 2322 952 2363 Vl.
971 2321 1069 2362 VH.
1085 2319 1198 2360 Vlll.
1216 2317 1290 2360 IX.
1312 2345 1326 2365 ,
1343 2316 1398 2360 &c
1419 2315 1475 2357 X.

161 2379 463 2421 advertendum
494 2380 547 2420 est
577 2379 816 2421 Concilium
853 2383 1085 2420 Romanum
1110 2379 1173 2418 tit.
1207 2390 1271 2418 12.
1306 2388 1392 2430 cap.
1429 2385 1479 2428 3.

161 2436 663 2493 Episcopisdemandaffe
684 2465 699 2485 ‚
730 2449 774 2478 ut
805 2437 844 2476 in
883 2435 1109 2490 Episcopio
1132 2464 1143 2480 ‚
1179 2435 1226 2477 &-
1257 2431 1349 2474 loco
1393 2444 1480 2485 quo

164 2494 289 2550 poffit
328 2493 473 2535 tutiori
508 2493 621 2534 simul
654 2524 666 2542 ‚
694 2494 747 2538 ὅσ
782 2491 1059 2535 commodiori
1093 2490 1329 2534 Archivum
1380 2488 1480 2530 reti-

163 2565 365 2598 neatut·,
398 2564 520 2606 atque
549 2553 588 2592 in
623 2551 692 2592 illo
727 2572 740 2599 ·,
774 2552 907 2594 Cui-tle
936 2551 1168 2606 Proceffus,
1215 2561 1338 2605 atque
1358 2547 1479 2589 Scri-

155 2621 290 2667 ptume
319 2623 452 2650 omnes
487 2622 567 2651 tam
598 2612 651 2650 ad
674 2610 853 2665 Epzscopi
881 2609 1090 2665 Mensam,
1120 2622 1241 2664 quam
1277 2607 1331 2647 ad
1359 2604 1481 2646 Diae-

163 2683 275 2710 ceun
310 2669 431 2712 etiam
482 2669 704 2719 universam
723 2670 966 2726 pertinentes
990 2666 1069 2725 suo
1109 2669 1249 2710 ordine
1275 2676 1484 2722 reponan-

1377 2729 1486 2764 tur:
