2024 2964
542 114 609 157 24.
642 101 872 146 Novembri·
898 104 1020 157 1781.⁴
1372 117 1446 161 175

87 155 563 265 SENOGALLIEN.
601 159 812 201 ONERls
847 160 1164 202 MisSARUM
1182 191 1192 201 .
1226 162 1273 203 In
1292 161 1445 204 ultimis
1480 168 1750 224 Seff.22.cc117.
1768 170 1806 214 6.

190 213 504 257 Codicillaribus
526 217 694 258 Tabulis
723 232 834 259 anno
871 218 990 271 1642.
1013 219 1192 259 conditis
1210 219 1232 261 a
1250 222 1448 263 Brunoro
1481 229 1529 267 cle
1545 211 1723 280 Reform‘.

145 271 196 310 de
214 272 433 313 Brunoriis
464 288 513 314 ex
536 274 708 330 Oppido
726 274 932 316 Corinalti
953 276 1268 330 Senogallienfis
1286 278 1452 321 Diaece-

143 327 192 368 sis
214 328 344 370 voluit
363 329 429 370 ille
451 360 463 377 ,
501 331 612 385 quod
652 330 815 372 defectis
853 333 1048 373 omnibus
1087 333 1136 372 de
1157 334 1220 375 sua
1241 336 1451 378 Brunoria

142 385 333 434 Familia,
367 389 410 428 ad
436 387 716 444 possessionem
733 388 882 430 Praedii
902 416 914 433 ‚
947 390 1058 442 quod
1079 389 1162 444 ipse
1199 393 1372 434 babebat
1409 394 1451 434 in

142 442 423 484 Corinaltenst
442 444 682 486 Territorio
702 444 741 485 in
761 446 905 485 Fundo
926 474 938 491 ‚
971 446 1035 486 seu
1061 449 1267 489 vocabulo
1289 452 1452 507 Fregin-

141 514 222 555 gne
241 530 253 547 ‚
285 502 542 543 substitutum
561 501 656 544 effet
682 501 985 542 Monasterium
1020 503 1063 542 S.
1085 504 1224 544 Annae
1246 506 1337 547 dicii
1361 512 1452 564 Op-

143 558 225 610 pidi
252 586 264 604 ,
292 559 448 609 adjecto
481 573 610 600 onere
631 558 868 600 celebrandi
903 570 967 600 tot
987 560 1124 601 Miss'as
1146 589 1158 608 ,
1193 574 1297 615 quot
1324 564 1453 607 essent

144 613 320 665 ejusdem
339 617 484 658 Praedii
507 614 686 656 redditus
707 646 719 664 ,
751 630 831 672 pro
864 618 1100 671 expiatione
1134 617 1220 669 ejus
1255 620 1419 661 Animae
1440 652 1453 669 ,

145 671 312 726 ejusque
348 673 676 713 Ascendentium
715 702 726 720 ‚
764 675 808 715 δ’.
839 674 1190 716 Descendentium
1233 675 1274 717 in
1311 677 1451 720 Altari

144 728 260 770 SSffii
282 729 480 770 Crucifixi
501 729 574 771 fito
594 730 632 770 in
654 730 830 771 Ecclefia
845 730 960 786 ipsius
976 732 1221 773 Monasterii
1238 763 1246 773 .

86 788 206 828 Hanc
243 785 570 829 substitutionem
599 787 904 830 monasterium
937 790 1111 845 agnovit
1144 804 1256 832 anno
1295 795 1417 848 1758.
1439 822 1452 841 ‚

142 857 232 885 cum
253 856 302 883 eo
324 857 430 885 anno
455 845 670 885 decelserit
704 846 822 886 Delia
854 848 1040 888 Brunori
1075 848 1217 890 ultima
1249 848 1452 904 superstes

140 902 188 941 de
219 902 358 942 Domo
381 933 393 951 ‚
427 903 471 944 ὅτ.
503 901 651 942 familia
683 903 912 945 Testatoris
934 934 947 951 ,
996 905 1090 945 hinc
1112 905 1451 950 Sanfflmoniales

143 958 423 1012 supplicarunt
453 959 701 1015 Episcopum
723 975 800 1015 pro
827 960 1021 1004 facultate
1060 964 1304 1017 acceptandi
1341 966 1454 1007 Mo·-

141 1016 303 1057 nasterii
325 1016 657 1058 substitutionem
677 1047 689 1065 ,
708 1032 752 1059 ac
777 1018 1027 1074 adipiscendi
1050 1019 1336 1076 poffeffionem
1356 1021 1453 1063 dieti

139 1073 291 1114 Praedii
309 1102 323 1120 ,
352 1073 548 1128 simulque
581 1085 625 1115 ut
643 1076 995 1132 idemEpiIcopus
1014 1077 1246 1132 praefinit-et
1267 1080 1456 1121 eleemo-

140 1144 280 1182 synam
312 1131 525 1172 Musarum
562 1132 898 1174 celebrandarum
930 1148 980 1174 ex
1011 1133 1210 1175 fruffibus
1249 1135 1455 1190 saepediffi

140 1188 288 1229 Praedii
309 1218 322 1235 ,
343 1189 687 1243 quemadmodum
711 1189 816 1230 idem
834 1190 1064 1248 Episcopus
1086 1192 1276 1234 Decreto
1295 1193 1364 1234 suo
1384 1207 1456 1249 pe-

139 1246 256 1288 titam
277 1244 508 1287 facultatem
527 1245 759 1293 concessit,
794 1247 1184 1303 eleemosynamque
1215 1250 1458 1292 missarum..

139 1303 388 1360 praescripsit
411 1303 450 1344 in
471 1304 601 1346 obulis
617 1304 914 1360 septemdecim
943 1321 1036 1348 cum
1063 1307 1237 1350 dimidio
1259 1320 1337 1363 pro
1361 1322 1456 1363 qua-

140 1362 243 1403 libet
259 1361 377 1403 Miffa
396 1391 408 1409 ‚
443 1374 571 1418 prout
590 1362 934 1404 Sanffimoniales
968 1365 1129 1406 virtute
1148 1365 1377 1422 impertitae
1397 1364 1456 1407 sa-

143 1418 305 1461 cultatis
332 1418 618 1476 poffeffionem
652 1420 798 1461 Praedii
837 1421 998 1476 adeptae
1037 1421 1239 1470 fuerunt,
1272 1421 1457 1477 illiusque

140 1476 326 1519 redditus
367 1476 556 1519 hactenus
595 1489 825 1531 erogarunt
861 1478 900 1518 in
938 1479 1153 1520 Miffarum
1196 1479 1460 1521 celebratio—
1486 1520 1488 1523 ,

140 1549 236 1576 nem
258 1564 270 1583 ‚
301 1535 427 1576 soluta
450 1535 712 1588 eleemosyna
732 1534 954 1576 obulorum
969 1537 1264 1591 septemdecim
1282 1550 1375 1578 cum
1389 1536 1459 1576 di·-

142 1593 269 1633 midio
304 1607 382 1648 pro
415 1593 598 1650 qualibet
633 1593 747 1645 juxta
780 1605 912 1634 taxam
944 1622 958 1641 ‚
1003 1604 1048 1634 ut
1082 1595 1202 1650 supra
1231 1592 1377 1635 saetam
1409 1594 1457 1634 ab

143 1648 376 1705 Episcopo.

86 1706 212 1751 Nunc
249 1720 385 1748 autem
405 1721 497 1749 cum
518 1708 652 1750 eidem
674 1707 934 1749 Monasterio
958 1739 970 1757 ,
1007 1707 1050 1750 ὅτ.
1067 1707 1461 1750 Sanfiimonialibuo

140 1764 387 1821 perdifficile
419 1764 464 1806 fit
488 1797 496 1811 ‚
533 1765 643 1820 quod
678 1764 962 1807 exastiffimum
998 1766 1220 1820 quotannis
1243 1768 1460 1807 retinere.-

143 1822 551 1878 poffintcomputum
589 1824 776 1864 omnium
809 1821 1014 1864 frufiuum
1034 1824 1158 1865 etiam
1191 1823 1457 1864 minimorum

142 1893 194 1921 ex
213 1878 319 1921 dicto
341 1882 504 1922 Praedio
523 1879 836 1922 “collectorum
862 1910 874 1928 ,
910 1895 953 1922 ac
973 1882 1159 1922 omnium
1181 1879 1456 1935 expensarum

146 1938 374 1993 praesertim
397 1939 642 1979 manualium
665 1970 676 1987 ‚
711 1953 805 1992 quae
827 1953 904 1994 pro
941 1939 1130 1984 cultura,
1164 1937 1208 1980 ἃ,
1243 1948 1462 1979 manuten-

145 1995 263 2036 tione
284 1995 459 2043 praedii,
478 1995 763 2051 fructuumque
781 1995 1073 2037 recollectione
1093 1995 1327 2037 neceffariae
1348 1994 1460 2042 funt,
1480 2010 1496 2041 Ἀ

147 2064 191 2093 ut
212 2052 259 2092 iis
294 2053 471 2107 demptis
497 2083 509 2101 ,
541 2069 640 2095 vera
673 2054 897 2108 liquidetur
932 2053 1139 2095 fructuum
1169 2053 1376 2107 quantitas
1418 2051 1459 2092 in

147 2110 429 2151 celebratione
448 2111 658 2152 Musarum
675 2113 882 2166 eroganda
905 2142 917 2159 ‚
951 2126 1126 2167 cumque
1142 2110 1299 2151 incerta
1320 2109 1367 2150 stt
1389 2123 1457 2150 an·

147 2181 226 2209 nua
244 2166 447 2207 fruetuum
466 2168 704 2210 recolleffio
725 2199 738 2217 ,
756 2170 943 2210 venditio
966 2199 978 2216 ,
994 2169 1047 2212 <Sc
1063 2168 1332 2224 pecuniarum
1365 2181 1456 2209 exa-

149 2224 229 2266 ἃίο
251 2254 263 2271 ,
290 2225 448 2264 incerta
465 2227 619 2277 pariter
645 2226 847 2267 efficiatur
867 2226 1094 2268 celebratio
1115 2255 1127 2272 ‚
1164 2225 1207 2266 &
1227 2225 1456 2267 incommo-

148 2284 245 2324 dum
264 2282 352 2322 satis
384 2281 428 2321 fit
447 2282 656 2324 conficere
675 2284 871 2324 calculum
892 2313 904 2331 ‚
939 2283 983 2325 ἃ.
1003 2283 1163 2338 gravius
1181 2312 1194 2329 ‚
1213 2294 1336 2335 atque
1356 2295 1455 2321 mo-

148 2339 282 2381 lestius
304 2338 572 2394 partitionem
608 2340 775 2393 explere
804 2340 1010 2381 fructuum
1030 2367 1042 2384 ,
1073 2339 1117 2380 δι
1152 2337 1418 2392 pecuniarum
1440 2366 1453 2384 ‚

152 2412 196 2439 ut
216 2396 419 2452 quantitas
439 2396 776 2436 celebrandarum
793 2397 1003 2437 Missarum
1020 2395 1293 2448 cognoscatur
1315 2423 1327 2441 ,
1359 2394 1452 2435 hinc

151 2456 210 2496 his
246 2453 396 2494 fretum
417 2453 646 2493 rationibus
665 2453 913 2493 antedictum
939 2452 1241 2493 Monasierium
1272 2450 1451 2493 :tuciori-

151 2523 276 2553 tatem
306 2511 444 2552 Sacrae
479 2509 836 2565 Congregationis
871 2509 1063 2564 implorat
1100 2538 1111 2555 ‚
1145 2522 1189 2549 ac
1222 2508 1340 2549 instat
1365 2538 1377 2557 ,
1408 2520 1453 2548 ut

151 2581 288 2611 certus
324 2567 576 2622 praefiniatur
598 2569 808 2608 Musarum
846 2569 1054 2607 annuatim
1087 2566 1451 2608 celebrandarum,

150 2640 346 2669 numerus
367 2656 380 2674 ‚
413 2638 457 2667 ut
495 2625 570 2666 hoc
591 2624 705 2682 paccio
729 2626 956 2667 consultum
994 2624 1037 2666 stt
1058 2623 1316 2667 indemnitati
1348 2624 1453 2681 petri-

1363 2693 1426 2721 εει·
1447 2709 1458 2723 ‚.

10 2179 12 2182 ,
0 1296 16 2130 4,-,»ᾋ’·ξῖ“ῗ·τψπ”ᾑ*
