2024 2964
547 85 610 125 18.
636 83 698 124 Aa
736 83 959 127 tttt'1781.'
1401 99 1418 125 1

101 134 482 246 EUGUBINA
513 84 969 183 AwPLigAsrtONIS
991 171 1001 182 .
1036 142 1098 183 Ut
1125 141 1365 196 indigentiis
1399 95 1482 185 Ei?-
1519 141 1867 197 Seff-cgaeapa&

230 199 613 253 gubiuiSeminai-ii
650 199 945 242 consuleretur
967 231 981 247 ,
1015 200 1260 254 Eugubinus
1294 201 1478 242 Antistes
1521 202 1570 242 de
1586 200 1762 253 Reform.

158 256 414 311 supplicuvit
438 256 654 298 Summum
675 258 940 311 Regnantem
956 259 1203 300 Pontificem
1223 271 1303 313 pro
1322 260 1480 301 unione

158 315 391 355 Seminario
427 313 614 356 facienda
650 317 830 356 duorum
859 314 1101 361 finmlicium
1137 316 1446 358 Beneficiorum
1464 347 1478 366 ,

161 386 254 426 qute
275 401 287 418 ‚
316 372 472 413 durnin
495 372 680 414 humanis
699 382 813 418 erat,
848 371 1077 426 poffidehat
1105 373 1345 416 canonicus
1380 376 1483 416 Hie·

160 444 363 485 ronymus
383 430 577 472 Ondedei
611 429 794 482 Collegii
829 429 1102 476 Germanici,
1132 431 1395 486 &Ungarici
1428 433 1500 474 dev

158 487 281 528 Urbe
320 487 478 530 Redor
513 519 521 528 .
578 486 965 542 Supplicationibus
1003 488 1148 527 annuit
1182 488 1480 532 Sacratiffimus

160 545 362 602 Princeps
383 561 394 597 ;
427 545 499 587 Ast
520 546 696 586 Litterae
713 544 969 599 Apostolicae
991 545 1113 600 super
1139 546 1330 587 conceffa
1347 549 1477 588 Bene-

159 602 352 645 ficiorum
380 604 537 644 unione
574 604 629 643 ob
664 601 849 660 inopiam
869 602 1090 646 Seminarii
1122 602 1253 644 adhuc
1287 607 1475 659 expediri

165 674 252 702 non
273 673 505 718 potuerunt
528 692 538 702 .
889 665 891 667 ’

104 718 299 760 Ει·εᾶιιω
332 720 439 760 adest
470 720 510 760 in
528 718 639 760 Villa
660 718 900 764 Coccorani
920 719 1134 775 Hospitale
1169 735 1248 778 pro
1282 719 1478 777 pauperi·

162 777 235 817 bus
251 775 430 819 Infirmis
448 776 564 819 dietae
581 777 703 819 Villae
725 779 954 834 Eugubinae
974 779 1171 820 Diaecefis
1192 794 1240 821 ex
1263 782 1327 834 pia
1344 777 1478 833 dispo-

161 832 310 876 fitione
337 834 518 877 Comitis
535 835 628 889 Julii
649 836 856 892 Bigazzini
879 867 892 885 ‚
926 838 995 892 qui
1028 838 1168 879 omnia
1185 839 1302 877 Bona
1316 838 1380 876 sua
1398 835 1478 875 eri-

160 894 300 948 gendo
327 893 529 948 Hospitali
562 894 752 948 reliquit,
782 895 1000 949 voluitque
1023 893 1186 936 illorum
1207 893 1478 935 Administra-

160 963 297 992 torem
324 951 400 992 esse
422 952 642 993 plebanum
661 951 837 1004 ejusdem
857 952 965 1004 Ville
997 967 1074 1008 pro
1093 966 1283 1008 tempore
1303 950 1477 992 existen-

160 1017 244 1048 tem
282 1022 375 1049 cum
405 1022 536 1051 onere
566 1011 786 1063 quotannis
806 1012 885 1052 suae
906 1010 1286 1051 Administrationis
1309 1038 1322 1056 ,
1351 1023 1395 1049 ac
1420 1010 1472 1050 de

159 1066 377 1106 Bonorum
402 1066 632 1106 redditibus
658 1067 858 1108 reddendi
880 1067 1086 1108 rationem
1107 1069 1329 1121 Eugubino
1349 1066 1474 1106 Anti-

159 1122 238 1163 stiti
259 1153 268 1160 .
304 1120 524 1179 Hospitalis
557 1124 741 1165 redditus
772 1124 972 1166 uberrimi
1008 1124 1100 1165 sunt
1129 1154 1141 1173 ‚
1177 1126 1232 1166 ita
1266 1135 1309 1164 ut
1347 1138 1395 1163 ex
1426 1124 1473 1163 iis

158 1179 336 1235 demptis
358 1181 549 1222 omnibus
583 1182 782 1225 oneribus
802 1213 814 1230 ,
843 1182 887 1224 ἃ.
917 1182 1102 1236 expensis
1137 1197 1217 1239 pro
1256 1193 1474 1222 manuten-

160 1238 280 1278 tione
301 1237 522 1293 Hospitalis
542 1269 555 1288 ‚
570 1238 614 1282 ἃ.
633 1241 849 1282 Bonorum
871 1271 882 1288 ,
904 1240 944 1281 in
963 1240 1182 1296 conspicua
1205 1242 1356 1281 summa
1371 1253 1475 1293 quo·

160 1294 262 1336 libet
280 1309 390 1338 anno
413 1296 646 1353 supersint,
685 1299 1028 1354 quemadmodum
1065 1299 1112 1339 ad
1145 1299 1326 1354 praesens
1359 1299 1477 1351 plura.

158 1366 337 1394 centena
356 1353 564 1398 scutorum
583 1357 715 1399 otiosa
736 1369 976 1399 remaneant
1000 1370 1127 1413 penes
1147 1357 1371 1397 Plebanum
1391 1355 1475 1397 Ad-

162 1411 482 1455 ministratorem
502 1443 512 1455 .
652 1460 656 1465 ,

99 1473 161 1514 Ex
181 1468 238 1510 his
260 1469 620 1527 superextantibus
641 1472 866 1515 redditibus
885 1471 1127 1526 supplicavit
1154 1469 1373 1512 Seminarii
1393 1471 1474 1510 Re·

160 1527 249 1570 &or
265 1529 564 1572 detrahendam
585 1559 597 1577 ,
627 1529 672 1572 &
690 1530 971 1587 applicandam
990 1528 1067 1569 else
1085 1530 1218 1569 eidem
1240 1528 1473 1569 Seminario

158 1587 351 1627 summam
381 1586 592 1630 scutorum
627 1589 856 1630 biscentum
895 1586 1228 1640 quinquaginta,
1258 1596 1361 1640 quot
1391 1600 1476 1624 ne·-

162 1645 327 1685 ceffaria
367 1646 459 1687 sunt
493 1660 571 1700 pro
608 1647 858 1689 Litterarum
892 1643 1233 1700 Apostolicarum
1267 1643 1476 1684 concessae

159 1702 342 1743 Unionis
362 1703 632 1759 expeditione
657 1735 667 1745 .

106 1759 339 1817 Episcopus
359 1791 371 1809 ,
403 1761 474 1816 qui
494 1772 538 1802 ut
558 1763 685 1804 moris
707 1761 762 1803 est
782 1791 794 1809 ,
817 1759 979 1802 auditus
1011 1759 1088 1800 fuit
1111 1788 1124 1807 ,
1156 1757 1350 1814 petitioni
1380 1759 1477 1799 Re-

162 1817 285 1858 &toris
307 1819 651 1862 Seminariisavet
675 1851 688 1869 ‚
723 1819 883 1874 fuitque
906 1817 1063 1875 pariter
1086 1818 1247 1857 auditus
1279 1816 1477 1872 Hospita-

159 1876 203 1916 lis
227 1876 551 1918 Administrator
567 1879 663 1934 ,qui
702 1877 816 1918 suum
837 1876 1003 1933 praestat
1024 1875 1219 1915 affensum
1239 1875 1385 1929 petitae
1407 1888 1475 1929 pe-

161 1933 379 1976 cuniarum
398 1935 663 1992 applicationi
679 1965 691 1983 ,
712 1946 985 1994 paratumque
998 1933 1034 1974 se
1057 1932 1157 1974 dicit
1177 1962 1190 1980 ,
1218 1946 1267 1973 ex
1287 1934 1479 1988 superex-

162 1992 344 2034 tantibus
366 1992 595 2035 redditibus
616 1993 840 2050 Hospitalis
861 1991 1105 2048 postulatam
1130 2004 1350 2032 numerare
1371 1990 1476 2029 sum·

165 2063 268 2089 mam
288 2050 496 2093 scutorum
531 2053 761 2095 biscentum
779 2049 1082 2106 quinquaginta
1102 2078 1114 2097 ‚
1143 2049 1309 2103 quoties
1330 2050 1379 2087 ab
1402 2047 1474 2089 hac

165 2108 290 2149 Sacra
307 2107 655 2166 Congregatione
673 2108 935 2152 necessariam
955 2107 1188 2149 obtinuerit
1209 2104 1442 2147 facultatem
1461 2133 1474 2145 .

100 2166 250 2208 Preces
275 2179 383 2206 nunc
417 2180 598 2210 renovat
633 2167 857 2210 seminarii
886 2164 1040 2207 Redor
1061 2195 1074 2213 ‚
1100 2166 1266 2219 ejusque
1297 2162 1386 2213 jura
1407 2163 1472 2202 le·-

164 2226 298 2278 genda
314 2223 403 2263 sunt
427 2224 467 2264 in
490 2225 576 2278 ejus
591 2224 929 2269 circumferendo
955 2223 1117 2264 libello.
1141 2225 1263 2264 Sacra
1281 2221 1480 2274 Congre0

161 2282 274 2339 gatio
295 2280 360 2324 vel
379 2280 420 2320 in
441 2282 547 2329 hoc,
580 2284 648 2324 vel
666 2284 710 2324 in
727 2283 804 2325 alio
837 2280 952 2323 simili
987 2281 1077 2322 casu
1110 2293 1194 2320 non
1223 2278 1318 2318 raro
1334 2277 1479 2316 decre-

162 2340 225 2382 vit
262 2370 275 2388 ,
308 2338 632 2394 applicationem
663 2337 1020 2394 superextantium
1054 2332 1477 2397 reddituum-Hospi-

161 2397 255 2438 talis
276 2396 501 2438 saciendam
536 2395 613 2436 effe
647 2394 795 2436 favore
831 2394 1054 2448 indigentis
1091 2394 1340 2436 Seminam,
1371 2400 1476 2429 utin

162 2455 408 2504 Sarfinaterz.
434 2455 606 2495 Unionis
629 2467 692 2494 10.
713 2452 866 2508 Aprilis
893 2453 1011 2504 1645.
1032 2448 1189 2492 censuit
1209 2477 1222 2495 ,
1257 2448 1478 2490 conceden-

162 2515 254 2553 (1αή
269 2514 340 2569 effe
351 2513 594 2564 facultatam
618 2511 808 2566 Episcopo
827 2507 1069 2557 Sarfinaten.
1091 2508 1259 2549 uniendi
1294 2506 1475 2546 redditus

162 2571 438 2624 Hosjn'talium
474 2569 600 2623 Casm‘
638 2569 765 2610 Ciulae
799 2596 814 2613 ‚
846 2565 901 2609 ὅσ
937 2565 1062 2621 Castri
1097 2566 1214 2620 Taipi
1246 2563 1474 2604 seminario

151 2629 399 2686 Sarsimten.
428 2658 441 2675 ,
466 2629 735 2691 salvatam-eg
751 2624 1043 2721 H⁰sP5m²ltsffi³
1069 2653 1083 2673 2
1116 2622 1308 2680 &salvis
1341 2620 1471 2718 ''3524‘5‘

285 2686 451 2729 Tom.L.
1019 2721 1025 2729 .
1368 2686 1396 2721 ²⁴
1422 2688 1473 2717 ‘13

983 2721 988 2738 Φ
