2024 2964
524 93 594 136 26.
614 92 801 142 Ianuarii
824 87 949 151 1782?
1412 111 1437 155 7

165 146 536 195 LACENTINA.
570 155 754 208 Joannes
776 153 987 196 Antonius
1009 149 1059 196 de
1077 151 1312 198 Dominicis
1336 155 1440 197 San-
1469 159 1739 220 Seffi251mp‚
1759 173 1807 220 4:

178 210 289 251 drini
311 210 572 255 Placentinus
606 226 718 254 anno
758 213 879 266 1607.
900 212 948 254 ad
962 210 1048 264 ejus
1086 211 1230 255 Altare
1259 214 1437 257 dicatum
1468 221 1517 263 de
1532 221 1712 276 Reform.
1805 212 1807 215 ’

123 266 167 308 S.
188 269 407 312 Francisco
428 269 629 312 Affifienfi
646 271 762 312 situm
779 270 818 311 in
837 269 1016 312 Ecclesia
1051 270 1094 313 S.
1117 270 1270 315 Mariae
1290 273 1437 328 Burgi-

121 327 221 366 novi
240 326 493 370 Placentinae
521 327 725 373 Diaecesis,
749 327 1055 371 sacerdotalem
1076 330 1209 371 erexit
1231 331 1441 373 Praeben-

121 383 214 424 darn
234 384 596 428 sub'invocatione
615 385 861 444 praedietis.
883 384 1114 428 Francisci:
1159 388 1256 429 Tria
1280 403 1442 432 onera„

124 441 321 497 imposuit
355 446 634 487 Praebendato
648 447 695 486 ab
717 443 950 487 haeredibus
969 443 1045 486 suis
1069 444 1443 503 nominando,prt⁷·

120 513 231 540 mum
265 501 506 544 celebrandi
527 503 813 557 quotidianum
839 501 1012 544 Sacrum
1044 500 1087 542 in
1121 500 1230 544 dicto
1264 504 1402 545 Altari
1424 534 1438 553 ,

114 558 331 614 secundam
354 559 558 602 residendi
579 561 619 601 in
641 560 736 603 loco
772 560 1014 602 Praebendae
1037 588 1049 606 ‚
1084 558 1128 601 ἃ.
1145 563 1303 603 tertium
1329 562 1441 603 inte-

119 613 298 658 ressendi
318 618 488 660 Divinis
509 617 673 660 Officiis
706 618 755 660 ab
788 617 874 660 aliis
901 618 1186 660 Praebendatis
1221 619 1259 657 in
1298 620 1444 660 eadem

117 672 298 716 Ecclesia
316 675 576 727 celebrandis
595 704 609 724 ,
636 676 851 731 voluitque
871 706 884 724 ‚
916 673 1027 731 quod
1067 675 1116 717 ab
1143 674 1230 728 ejus
1250 676 1442 717 Haeredi-

121 731 200 770 bus
219 746 331 774 anno
351 733 543 787 quolibet
562 735 831 776 traderentur
861 731 1055 775 Ecclefiae
1094 731 1232 775 Librae
1271 733 1443 777 hiscen-

118 795 209 829 tum
239 789 480 846 Imperiales
504 805 584 848 pro
603 792 920 834 manutentione
941 791 1158 847 Cappellae
1181 791 1442 837 ‚sacrorum-

116 859 200 900 que
234 847 516 903 Utenlilium.
553 851 833 893 praebendato
861 864 965 893 vero
1000 850 1228 903 quotannis
1267 850 1444 904 praesta-

114 914 266 945 rentur
279 905 419 948 Librae
447 908 770 964 quadringentae
793 907 1034 964 [inperiales
1062 938 1074 955 ‚
1106 906 1443 962 affignavitque,

114 974 198 1016 pro
212 961 298 1003 aliis
316 965 463 1006 annuis
482 965 616 1008 Libris
636 966 874 1022 octuaginta
892 965 1060 1007 circiter
1083 976 1145 1007 tot
1164 965 1356 1013 Affietus,
1377 968 1445 1005 seu

117 1019 320 1062 Canones
336 1022 503 1066 debitos
523 1024 545 1065 ἐι
561 1025 800 1080 quibusdam
831 1024 1106 1067 habitantibus
1130 1024 1171 1063 in
1195 1025 1308 1064 Loco
1332 1025 1445 1063 Fur-

114 1077 252 1125 nelli,
285 1077 455 1134 ejusque
491 1082 740 1124 Territorio
771 1081 969 1125 Diaecefis
1008 1082 1263 1123 Placentinae
1298 1111 1310 1129 ‚
1348 1095 1445 1135 quae

113 1135 283 1176 summae
303 1135 419 1177 fimul
437 1139 570 1182 unitae
588 1140 778 1182 conflant
807 1154 943 1182 annua
960 1145 1071 1181 scuta
1094 1139 1444 1196 vigintiquinque

121 1190 293 1233 circiter
317 1207 505 1237 monetae
526 1199 733 1241 Romanae
753 1227 765 1239 .

58 1248 246 1290 Subinde
274 1247 449 1303 praefata
462 1250 698 1290 Praebenda
719 1270 811 1291 eum
850 1255 934 1289 ιιιῐὶς
952 1251 1198 1290 praebendis
1219 1250 1262 1290 in
1295 1249 1443 1305 supra-

116 1306 220 1348 dieta
239 1305 421 1348 Ecclefia
438 1305 709 1348 existentibus
729 1306 1017 1348 Canonicatus
1041 1307 1162 1348 titulo
1183 1307 1444 1349 condecora-

115 1375 158 1406 ta
171 1363 272 1405 fuit.
301 1364 468 1407 Varum
485 1378 580 1406 cum
598 1364 821 1407 antedictae
843 1363 1008 1406 summae
1026 1364 1046 1405 ὲ
1062 1365 1225 1418 Joanne
1244 1366 1443 1408 Antonio

114 1420 356 1464 Fundatore
369 1421 580 1476 affignatae
598 1437 678 1480 pro
698 1423 797 1463 dote
813 1423 1059 1464 Praebendae
1093 1424 1173 1466 suae
1205 1423 1295 1464 satis
1334 1437 1445 1466 non..

115 1479 248 1521 essent
266 1493 346 1535 pro
359 1480 536 1522 manuali
555 1480 818 1535 eleemosyna
837 1479 971 1520 Milrae
1002 1481 1261 1535 quotidianae
1286 1510 1298 1526 ,
1338 1482 1441 1522 hanc

115 1537 301 1593 proinde
334 1538 615 1593 praedecessor
642 1537 904 1578 Placentinus
935 1538 1161 1593 Episcopus
1197 1538 1267 1578 sub
1311 1539 1375 1578 die
1398 1551 1441 1591 3.

113 1594 294 1649 Augusti
318 1604 444 1650 1745.
473 1591 659 1645 legitima
691 1592 937 1635 auctoritate
968 1595 1131 1635 redusit
1166 1594 1212 1635 ad
1234 1595 1446 1650 quantita-

117 1665 204 1695 tem
224 1665 453 1693 annuarum
468 1648 685 1690 Miffarurn
716 1651 942 1693 biscentum
964 1650 1224 1707 septuaginta
1244 1651 1338 1693 octo
1361 1682 1373 1699 ‚
1392 1652 1444 1694 ad

121 1711 329 1752 rationem
350 1708 545 1750 nimirum
563 1705 648 1758 julii
668 1709 788 1750 unius
807 1708 973 1750 circiter
993 1724 1071 1764 pro
1085 1710 1271 1763 qualibet
1289 1711 1409 1751 Miffa
1430 1740 1441 1750 .

63 1767 310 1814 Hodiernus
329 1765 630 1808 P1·aebendatus
655 1766 710 1807 est
752 1768 956 1808 Sacerdos
992 1768 1172 1808 Carolus
1194 1767 1443 1809 Gherardus

122 1824 319 1867 Sandrini
342 1854 355 1872 ,
392 1823 574 1880 quicum
594 1823 807 1866 Miffarum
826 1837 956 1866 onera
978 1853 990 1873 ,
1022 1824 1177 1880 aliaque
1216 1826 1257 1866 in
1283 1825 1449 1866 Funda-

122 1882 241 1925 tione
261 1884 413 1939 scripta
442 1895 518 1923 nec
537 1895 614 1938 per
645 1883 708 1930 se,
750 1897 826 1924 nec
861 1896 938 1938 per
971 1881 1090 1924 alium
1109 1882 1281 1939 amplius
1303 1882 1451 1924 ferre„-

127 1940 262 1996 poffet
284 1971 295 1987 ,
323 1952 487 1983 attenta
519 1940 758 1983 modicitate
793 1940 1078 1989 reddituum,
1114 1941 1209 1982 hinc
1248 1941 1332 1996 ipse
1365 1939 1450 1981 una

127 2011 220 2038 cum
259 1997 477 2042 Francisco
510 1999 707 2041 Sandrini
731 2001 851 2041 Patre
874 2027 886 2047 ‚
923 1998 967 2042 ἃ.
984 1999 1233 2041 praebendae
1251 2000 1443 2039 Patrono

127 2053 298 2111 supplex
316 2056 368 2098 est
389 2072 468 2114 pro
488 2058 679 2102 ulteriori
715 2057 929 2100 Miffarum
962 2056 1204 2101 reductione
1240 2058 1367 2113 usque
1391 2056 1442 2098 ad

129 2127 313 2154 annuum
330 2128 547 2159 numerum
566 2117 1029 2172 centum'quadraginta
1047 2145 1057 2155 .

70 2169 331 2212 Placentinus
347 2172 534 2216 Antistes
551 2188 629 2231 pro
650 2174 950 2216 informatione
970 2203 983 2219 ‚
1015 2173 1059 2216 δι,
1080 2182 1188 2215 voto
1223 2171 1451 2227 requilitus

128 2228 273 2270 retulit
295 2243 390 2283 quae
428 2232 546 2286 supra
578 2231 748 2274 infacto
771 2242 935 2272 narrata
952 2229 1126 2272 fuerunt
1155 2261 1168 2278 ‚
1215 2229 1444 2284 prosequi-

130 2296 284 2341 turque
301 2287 442 2329 :Hinc
454 2287 658 2339 certiffime‘
676 2292 891 2344 reperietur
908 2301 1022 2329 nemo
1044 2317 1057 2336 ,
1086 2290 1159 2343 qui
1169 2302 1257 2329 cum
1279 2288 1452 2340 praefato

130 2358 252 2386 onere
265 2354 528 2385 memoratum
561 2345 800 2400 Beneficium
828 2356 1027 2401 (temptem
1060 2346 1140 2385 imo
1169 2357 1239 2385 nec
1278 2341 1453 2384 inveniri

127 2401 254 2457 potest
272 2431 285 2448 ‚
317 2404 388 2458 qui
406 2403 550 2459 Miffas
570 2404 612 2444 in
631 2403 719 2444 loco
739 2403 903 2444 celebret
921 2416 1010 2443 cum
1031 2401 1277 2456 eleemosyna
1318 2400 1356 2441 in
1376 2412 1448 2440 νε·

134 2459 533 2517 άιιέῖἱοηερν.τ]ἱηίτα
555 2489 567 2507 ,
597 2473 686 2501 cum
705 2462 745 2502 in
764 2461 866 2500 Loco
884 2460 1126 2515 Burginovi‚
1142 2468 1293 2499 attento
1337 2456 1456 2500 cele-

130 2516 375 2558 brandarum
396 2518 451 2559 ibi
467 2518 678 2574 Miffaram
703 2530 866 2558 numero
883 2543 896 2563 ‚
931 2516 987 2559 ὄσ
1014 2516 1224 2572 respec‘fiva
1241 2515 1456 2556 Sacerdo-

134 2583 218 2614 turn
230 2577 435 2630 paucitate
453 2605 466 2622 ,
500 2590 614 2616 nemo
632 2578 751 2618 etiam
769 2575 914 2632 absque
926 2573 1081 2614 Altaris
1099 2571 1376 2630 designatione
1393 2584 1453 2614 ce-

136 2631 256 2686 lebret
270 2646 360 2676 cum
377 2634 618 2693 eleemosyna
650 2634 798 2679 minori
825 2632 960 2675 obulc's
991 2630 1232 2692 nostratibus
1259 2631 1452 2688 quadra-

1351 2688 1450 2744 gin·¹
