2002 2959
557 87 622 129 112
643 87 755 129 Mali
781 86 900 143 1782.
1388 96 1440 143 73

129 161 305 201 quarum
332 144 556 201 unicuique
589 145 669 186 una
687 159 780 187 cum
810 142 1440 198 distributionibusquotidianis

126 204 328 260 affignaffe
363 217 498 245 annua
523 204 631 246 scuta
667 201 937 257 quadraginta
963 200 1014 243 de
1043 200 1195 243 tarenis
1216 201 1439 244 duodecim

128 277 207 320 pro
229 263 414 317 quolibet
434 263 547 304 scuto
567 292 580 310 ,
610 275 686 302 nec
717 274 803 301 non
839 258 914 300 alia
947 273 1086 300 annua
1118 259 1439 314 scutatriginta„

127 335 208 376 pro
228 319 544 363 manutentione
575 320 752 360 duorum
792 315 1147 372 Cappellanorum
1172 317 1443 372 Presbytero-

126 392 220 418 rurn
242 409 253 427 ‚
289 380 471 432 itemque
500 377 574 419 alia
591 389 727 417 annua
743 376 854 415 scuta
873 373 1019 429 viginti
1041 373 1132 414 diet.
1158 386 1340 418 monetae
1361 391 1441 433 pro

129 436 245 477 Cera
262 466 273 483 ‚
306 436 350 478 ὅτ.
369 435 442 477 alia
459 450 592 476 annua
611 436 717 475 scuta
734 433 815 473 duo
834 431 1029 474 solvenda
1048 431 1221 472 Custodi
1240 433 1434 477 Ecclesiae

133 506 213 548 pro
236 495 537 549 Campanarum
557 491 691 533 sonitu
710 521 719 530 .
1341 529 1343 532 Α

71 552 135 592 Ex
155 551 511 606 superextantibus
532 562 667 590 autern
681 547 829 589 annuis
847 548 1066 599 Bonorum
1086 546 1315 591 redditibus
1331 564 1432 592 con·

133 607 296 649 stituilse
315 608 595 662 Multiplicum
632 617 912 661 nuncupatum
931 605 1118 661 Maffetta
1143 635 1155 653 ,
1188 620 1294 646 cum>
1320 607 1431 660 lege,

131 667 244 721 quod
263 665 486 720 Multiplici
509 664 692 705 redditus
712 661 895 703 investiri
915 663 1120 704 deberent
1138 663 1177 702 in
1199 664 1324 704 Bonis
1342 664 1430 706 Sta·

131 724 281 765 bilibus
301 753 312 771 ‚
329 736 506 778 quorum
525 721 721 762 fructibus
740 720 1051 762 ascendentibus
1083 719 1133 761 ad
1167 734 1302 768 annua
1321 723 1433 764 scuta

129 792 295 823 centum
312 811 324 829 ‚
340 782 382 822 ὄί
397 780 546 835 viginti
567 809 579 826 ,
598 791 699 821 tuuc
731 779 861 820 essent
878 777 1066 834 erigendi
1098 776 1161 818 alii
1181 779 1262 820 duo
1283 779 1434 821 Cano-

129 838 293 879 nicatus'
323 853 411 880 cum
439 837 942 895 affignamencoscutorum
975 837 1249 893 quadraginta
1276 839 1434 880 unicui-

129 912 206 952 que
239 911 376 937 eorum
388 911 462 952 pro
479 897 689 938 Praeberzda
713 926 726 943 ,
755 896 800 941 da-
826 892 1180 948 Distributionibns
1203 925 1216 943 ,
1252 908 1434 937 necnon

128 953 433 995 manutenendi
483 953 544 995 alii
586 952 667 995 duo
714 952 960 1009 Cappellani
995 965 1088 993 cum
1137 952 1437 1008 affignamento

130 1011 268 1066 quoad
298 1025 446 1053 eorum
481 1025 614 1053 unum
651 1024 895 1052 annuorum·
916 1012 1126 1052 scutorum
1160 1010 1437 1066 vigintiquin-

129 1082 210 1122 que
225 1083 317 1112 cum
339 1084 467 1111 onere
488 1069 708 1112 exercendi
741 1082 886 1125 munus
921 1067 1108 1124 Magistri
1145 1068 1436 1112 Caeremonia·

131 1140 222 1168 ruffi
241 1159 252 1176 2
288 1129 330 1170 δί
351 1128 486 1184 quoad
505 1128 676 1172 alterum
695 1126 902 1171 scutorum
922 1126 1158 1184 quindecim
1178 1157 1187 1166 .

69 1180 246 1227 Constat
265 1186 428 1242 insuper
448 1201 497 1228 ex
526 1187 565 1236 d,
586 1188 853 1236 Fundationis
886 1187 1169 1228 Instrumento
1194 1215 1207 1232 ‚
1244 1184 1433 1226 Canoni-

125 1256 218 1283 cum
239 1243 444 1286 Thomam
474 1245 757 1287 Executorem
778 1245 856 1301 piae
879 1244 1101 1287 voluntatis
1122 1242 1289 1299 josephi
1314 1257 1433 1298 prae-

128 1300 277 1355 cepiffe
298 1330 310 1348 ,
342 1303 453 1357 quod
475 1302 759 1359 Multiplicum
792 1303 1119 1358 prosequeretur
1154 1314 1231 1357 pro
1266 1301 1429 1342 duobus

129 1357 214 1398 aliis
237 1359 442 1413 erigendis
471 1359 798 1402 Canonicatibus
817 1390 829 1408 ,
851 1361 1112 1414 totidemque
1148 1358 1434 1415 Cappellaniis

132 1429 224 1456 cum
260 1416 847 1473 Praebenda‚compraehenfis
874 1417 1251 1458 Distributionibus
1288 1417 1435 1470 quoti-

131 1471 261 1514 dianis
283 1487 542 1521 ,annuorum
572 1474 780 1516 scutorum
817 1474 1090 1529 quadraginta
1119 1474 1224 1514 illius
1247 1484 1434 1514 monetae

134 1533 266 1586 quoad
286 1531 550 1579 Canonic0s‚
568 1531 614 1574 ὅτ.
629 1546 720 1573 cum
744 1531 946 1586 stipendio
968 1544 1203 1571 annuorum
1221 1531 1437 1571 scutorum

133 1588 373 1642 quindecim
408 1589 544 1644 quoad
581 1588 891 1644 Cappellanos:
929 1588 1200 1642 Subindeque
1238 1601 1318 1642 pro
1344 1587 1436 1628 eri-

129 1647 264 1699 genda
281 1645 558 1701 Praepositum
574 1675 588 1693 ,
607 1647 654 1688 ἃ
674 1659 750 1703 pro
770 1645 968 1701 augendis
990 1644 1308 1686 Canonicorum
1328 1646 1436 1686 Prae-

129 1704 277 1744 bendis
292 1704 414 1758 usque
431 1704 478 1745 ad
497 1718 672 1746 annuam
694 1705 887 1745 summam
905 1704 1116 1744 scutorum
1152 1703 1437 1757 septuaginta

130 1774 214 1816 pro
249 1761 462 1814 qualibet,
481 1761 755 1815 augendisque
792 1761 948 1816 pariter
976 1759 1330 1815 Cappellanorum
1363 1760 1438 1800 sti·-

131 1818 297 1872 pendiis
333 1820 453 1873 usque
472 1820 520 1859 ad
540 1821 731 1860 summam
751 1832 990 1859 annuorum
1017 1818 1225 1857 scutorum
1260 1817 1438 1869 triginta

132 1889 214 1928 pro
229 1889 488 1932 unoquoque
507 1875 769 1933 Cappellano
790 1905 802 1924 ‚
830 1876 875 1917 ἃ.
893 1874 1105 1917 scutorum
1140 1873 1440 1928 quadraginta..

131 1945 215 1985 pro
256 1946 306 1974 eo
339 1933 598 1991 Cappellano
634 1947 780 1976 munus
824 1932 1017 1989 Magistri
1064 1931 1435 1974 Caeremoniarum

133 2001 356 2033 exercente
381 2023 391 2033 .
808 2024 813 2028 .
1443 1998 1447 2001 ’

77 2046 240 2102 Quibus
258 2050 447 2093 absolutis
476 2081 490 2100 ,
524 2051 786 2094 Canonicurn
813 2052 1020 2093 Thomam
1044 2047 1406 2092 ulteriusv'oluiffe
1426 2056 1446 2098 ς

135 2105 249 2158 qubd
269 2105 549 2162 Multiplicum
568 2110 762 2166 prosequi
791 2104 966 2153 deberet
994 2118 1074 2165 pro
1107 2107 1192 2150 aliis
1223 2105 1437 2161 erigendis

132 2162 464 2206 canonicatibus
501 2166 626 2222 usque
645 2168 694 2209 ad
726 2182 944 2210 numerum
972 2166 1174 2208 sexdecim
1193 2195 1205 2215 2
1234 2178 1440 2218 COmPsC*

132 2220 267 2262 heusis
297 2220 372 2261 illis
398 2221 476 2274 jam
495 2223 756 2272 ereffis‚cum
771 2227 917 2269 eadem
934 2224 1165 2266 Praebenda
1200 2235 1441 2265 annuorum
1492 2269 1497 2271 μ

131 2278 624 2336 scutorumseptuaginta
647 2311 661 2329 ,
696 2296 773 2323 nec
792 2296 879 2325 non
899 2296 979 2339 pro
1013 2281 1319 2336 erigendisvsex
1354 2278 1440 2318 aliis

132 2335 413 2392 Cappellaniis
444 2352 535 2379 cum
571 2337 684 2378 simili
717 2339 923 2395 stipendio
954 2352 1191 2380 annuorum
1221 2337 1438 2377 scutorum

133 2395 308 2449 triginta
324 2409 403 2450 pro
425 2395 609 2450 quolibet
627 2396 886 2451 Cappellano
907 2426 916 2436 .
1196 2404 1198 2408 ’
1302 2412 1338 2420 -”
1442 2414 1443 2417 “

78 2449 183 2492 Haec
202 2453 292 2493 sunt
312 2482 324 2500 ,
341 2467 435 2506 quae
457 2467 506 2494 ex
520 2451 752 2494 transmissis
772 2453 1051 2495 Documentis
1069 2453 1275 2494 habentur
1299 2483 1311 2495 .
1347 2450 1447 2509 Quo

134 2508 241 2549 vero
258 2511 304 2550 ad
326 2511 575 2564 praesentem
609 2511 754 2552 statum
776 2540 788 2558 ,
820 2511 864 2552 &
892 2511 1169 2567 quantitatem
1203 2508 1441 2565 Multiplici

133 2565 359 2621 Episcopus
394 2568 535 2609 retulit
562 2599 576 2617 ,
597 2564 706 2623 quod
725 2568 917 2610 confecto
937 2580 1139 2624 computo
1155 2569 1370 2615 introitus,
1388 2567 1444 2610 ὄσ

133 2624 265 2666 exitus
285 2627 467 2666 omnium
487 2627 722 2667 reddituum
742 2625 860 2668 diet-ee
878 2627 1126 2681 Collegiatae
1146 2625 1342 2669 Ecclesiae
1365 2624 1447 2666 Ca-

134 2679 220 2725 salis
257 2684 387 2724 Garbi
427 2685 475 2723 ab
510 2698 619 2727 anno
666 2682 787 2739 176¹.
821 2686 954 2742 usq-ue·
988 2687 1036 2727 ad
1068 2699 1220 2729 annum
1257 2685 1379 2740 1780.
1417 2697 1445 2719 =

269 2741 454 2783 Tom.LI.
955 2744 993 2786 K
1344 2754 1453 2787 com?
