2008 2964
583 99 640 155 36
1077 107 1138 150 ¹7·
1163 91 1314 135 Martii
1335 92 1457 146 1781.

575 158 710 198 lorum
742 152 941 196 sexdecim
990 164 1069 206 pro
1100 150 1283 207 qualibet
1329 147 1449 191 Missa
1469 188 1480 201 ᾗ
1500 148 1549 189 ab
1580 149 1886 191 Executoribus

577 210 914 256 Testamentariis
938 209 1180 266 praescripta
1199 239 1208 250 .
1721 235 1723 237 -
1766 246 1770 253 ,

518 272 665 326 Atque
682 270 776 311 hiric
796 267 1073 322 exemplarem
1087 267 1165 308 effe
1198 264 1435 308 Articulum
1455 295 1464 312 ‚
1499 278 1550 307 an
1576 265 1646 321 qui
1665 263 1805 307 Miffas
1824 278 1889 306 ce-

577 327 756 371 lebravit
792 336 939 381 putans
958 325 996 366 se
1019 322 1260 366 obstrietum
1279 324 1355 364 effe
1388 322 1437 363 ad
1472 336 1538 364 eas
1569 322 1836 365 celebrandas
1872 351 1885 369 ,

575 386 742 441 quando
774 394 935 424 attenta
965 382 1200 423 reddituum
1222 380 1513 422 imminutione
1535 410 1548 428 ‚
1579 381 1646 422 seu
1667 380 1740 423 alia
1757 378 1885 430 justa„

575 445 627 483 de
659 441 771 481 causa
809 454 896 481 non
931 451 1017 482 erat
1045 453 1145 480 vere
1181 438 1387 492 obligatus
1414 466 1428 485 ‚
1462 437 1686 493 implorare
1737 437 1887 480 debeat

573 499 726 553 Judicis
763 497 951 540 officium
985 511 1061 553 pro
1087 497 1244 539 illarum
1279 496 1459 538 taxativa
1490 495 1743 550 eleemosyna
1778 523 1792 542 ‚
1819 494 1887 536 vel

575 555 681 597 illius
714 555 1008 612 supplemento
1042 553 1311 602 obtinend03
1345 552 1702 611 Quemadmodum
1742 551 1887 600 enim,

571 614 640 668 qui
673 613 824 668 aliquid
865 613 985 655 solvit
1005 627 1082 668 pro
1119 612 1246 654 Causa
1282 611 1350 666 pia
1371 643 1380 658 ‚
1413 621 1560 666 putans
1601 612 1640 652 se
1663 610 1799 652 teneri
1833 609 1884 651 ad

570 671 811 712 solvendum
830 699 842 718 ‚
872 674 1039 726 quando
1058 683 1207 712 revera
1240 667 1457 710 obstrietus
1475 682 1557 711 non
1578 676 1884 724 erat,repetere

569 742 657 770 non
687 727 818 783 potest
863 728 977 784 quod
1010 729 1164 774 solvit,
1197 726 1310 778 juxta
1346 726 1596 781 praeclarum
1633 727 1807 768 Textum
1840 725 1883 766 in

569 787 663 844 Leg.
686 787 781 828 Cum
801 788 837 828 is
854 816 867 834 ,
895 788 968 843 qui
997 799 1066 840 32.
1088 784 1128 842 ff.
1152 786 1252 827 Sic‘rz
1271 798 1317 825 ea
1335 785 1388 842 ff.
1409 786 1458 827 de
1487 785 1632 827 Credit.
1669 782 1836 827 Indebit.
1855 796 1884 818 =

570 842 626 884 ibi
644 845 773 886 :Sc‘in
790 859 834 886 ea
854 847 1037 900 opinione
1061 844 1113 897 fit
1150 843 1305 884 Mulier
1324 871 1336 889 ,
1366 855 1411 884 ut
1425 843 1589 890 credat,
1614 843 1660 898 se
1683 856 1759 898 pro
1791 841 1888 881 dote

567 901 788 958 obligatam
805 931 817 950 ,
846 903 1044 958 quidquid
1072 902 1189 942 Dotis
1207 902 1366 948 nomine
1382 902 1533 942 dederit
1555 930 1567 948 ,
1597 915 1678 940 non
1709 899 1849 953 repetit
1868 910 1881 937 ε

565 958 732 1002 Sublata
753 961 857 1001 enim
876 960 983 1012 falsa
1013 961 1201 1013 opinione
1219 987 1232 1004 ‚
1265 959 1505 1012 relinquitur
1528 958 1693 1012 pietatis
1724 955 1845 1009 causo
1868 983 1885 1002 ,

568 1028 624 1057 ex
640 1015 910 1071 quasolutum
929 1018 1051 1070 repeti
1065 1031 1144 1054 non
1156 1017 1304 1067 poterit
1320 1032 1349 1050 τ.
1367 1015 1420 1053 ita
1438 1027 1488 1052 ex
1507 1011 1724 1053 identitate
1757 1012 1885 1053 ratio-

568 1072 634 1113 nis
667 1072 938 1111 dubitandum
974 1070 1141 1110 videtur
1171 1097 1184 1115 ‚
1220 1082 1270 1108 an
1305 1067 1425 1123 poffit
1457 1082 1567 1108 nunc
1602 1067 1759 1109 utiliter
1796 1069 1883 1108 im-

566 1127 726 1184 plorari
770 1125 923 1180 Judicis
981 1125 1178 1167 Officium
1219 1139 1298 1180 pro
1345 1124 1602 1177 eleemosyna
1639 1154 1652 1172 ,
1682 1125 1749 1167 vel
1776 1124 1881 1166 illius

563 1184 853 1240 supplemento
887 1183 1100 1225 Miffarum
1136 1212 1149 1229 ,
1180 1197 1278 1237 quas
1313 1183 1402 1236 quis
1438 1182 1698 1229 celebravit,
1733 1194 1882 1238 putans

565 1242 605 1284 se
635 1242 807 1289 teneri,
844 1241 1008 1295 quando
1027 1241 1235 1295 obligatus
1262 1253 1348 1280 non
1393 1251 1513 1281 erat:
1547 1240 1703 1282 sublato
1724 1239 1883 1296 quippe

564 1311 711 1340 errore
733 1328 747 1348 ,
778 1300 938 1354 semper
971 1299 1211 1353 perseverat
1233 1297 1364 1337 Causa
1394 1298 1587 1353 pietatis,
1620 1313 1716 1353 quae
1750 1296 1774 1337 fi
1797 1297 1883 1337 im-

564 1357 681 1412 pedit
710 1356 1019 1398 condictionem
1042 1355 1251 1401 Indebiti‚
1283 1354 1487 1409 impedire
1524 1356 1648 1398 etiam
1682 1355 1762 1398 dici
1798 1353 1880 1396 de·-

565 1415 636 1455 bet
655 1443 668 1462 ‚
701 1428 752 1454 ne
775 1415 935 1468 petenti
964 1414 1074 1454 suum
1095 1414 1225 1465 Judex
1251 1411 1447 1453 Officium
1477 1412 1741 1469 impertiatur
1761 1443 1772 1453 .

513 1473 637 1517 Sacra
654 1470 951 1526 Congregatio
971 1470 1188 1511 Miffarum
1228 1470 1527 1524 suspensionem
1548 1470 1684 1511 donec
1701 1469 1881 1525 Cappel·

567 1528 681 1569 lanus
723 1528 1010 1582 reintegretur
1030 1528 1080 1567 de
1101 1526 1287 1582 expensis
1324 1525 1433 1568 saetis
1459 1530 1578 1586 super
1609 1528 1734 1569 Bonis
1768 1526 1879 1581 Cap-

568 1584 757 1641 pellaniae
775 1585 974 1636 rejecitin
999 1586 1147 1627 [molen
1171 1615 1178 1624 .
1215 1586 1475 1627 Recluffionis
1495 1615 1507 1633 ‚
1537 1600 1586 1628 oc
1611 1584 1882 1641 Suspenfiorzis

568 1643 770 1689 Onerum,
799 1644 856 1687 ὃς
877 1643 1089 1698 Miffarum
1111 1644 1201 1692 fdiei
1241 1654 1304 1696 14.
1329 1642 1539 1686 februarii
1567 1645 1684 1699 1778.
1718 1644 1773 1684 acl
1800 1641 1878 1682 111.

566 1700 744 1742 Dubium
767 1729 779 1747 ,
800 1699 844 1741 &
861 1699 1030 1755 preffins
1064 1702 1105 1740 in
1135 1700 1364 1741 Placentina
1411 1701 1472 1741 16.
1500 1700 1689 1755 Ianuarij
1706 1704 1843 1754 ²1779·
1865 1728 1879 1746 ,

567 1757 610 1798 in
630 1770 708 1811 qua
741 1755 960 1814 proposito
980 1757 1124 1798 Dubio
1144 1774 1171 1794 =
1202 1757 1266 1797 An
1286 1757 1330 1804 fit
1346 1758 1458 1800 locus
1476 1758 1719 1816 suspenfioni
1745 1758 1879 1798 oneris

566 1815 780 1872 Miffarum
799 1847 807 1862 ‚
846 1815 901 1859 ὄσ
925 1815 1233 1871 reintegrationi
1250 1814 1425 1870 Capituli
1435 1831 1508 1871 pro
1527 1813 1656 1868 Miffis
1672 1817 1712 1856 in
1735 1822 1880 1868 praete-

565 1874 686 1914 ritum
703 1873 906 1916 celebratis
923 1873 1028 1914 ultra
1046 1884 1173 1915 rotam
1189 1874 1395 1920 frucffuum
1423 1883 1699 1930 perceptorum
1719 1870 1741 1913 ‘3
1757 1887 1785 1908 =
1813 1883 1878 1911 re·

565 1930 756 1986 sponsum
771 1930 849 1971 fuit
867 1950 894 1969 =
913 1930 1114 1986 Negative
1128 1931 1169 1969 in
1187 1929 1370 1970 omnibus
1391 1960 1401 1969 .

512 1986 889 2043 Adoredufiionem
935 1987 1038 2028 vero
1074 1985 1286 2027 Musarum
1327 1988 1439 2041 quod
1472 1989 1652 2034 attinet,
1683 1985 1873 2043 quamvis

565 2043 760 2087 constans
811 2042 857 2084 s1t
892 2042 1006 2084 Sacri
1063 2043 1180 2093 hujus
1214 2045 1451 2087 Tribunalis
1502 2044 1704 2088 sententia
1729 2073 1742 2092 ,
1789 2043 1874 2085 im·-

565 2100 735 2144 minutis
787 2100 1021 2142 redditibus
1053 2130 1066 2148 ‚
1111 2101 1249 2142 Nlifl'as
1304 2102 1380 2147 esse
1413 2104 1460 2145 ad
1503 2113 1633 2145 ratam
1664 2099 1871 2143 frucffuum

562 2158 818 2200 reducendas
855 2158 902 2200 ad
940 2160 1146 2202 rationem
1181 2159 1455 2215 eleemosynae
1488 2159 1682 2202 manualis
1707 2189 1720 2208 ,
1752 2169 1797 2200 ut
1825 2159 1869 2198 in

561 2216 764 2271 Pisauren.
796 2217 1165 2274 Reintegrationc's‚
1201 2219 1525 2265 &Redufflonis
1558 2218 1768 2276 Mzffarum
1795 2226 1866 2269 29-

564 2273 802 2318 Novembris
825 2288 942 2329 1777.
964 2304 977 2322 ,
1011 2274 1229 2330 praeoculis
1252 2286 1386 2316 tamen
1408 2275 1635 2318 habendum
1657 2274 1709 2317 est
1729 2300 1744 2318 2
1780 2270 1869 2312 De·

563 2329 748 2373 funerum
786 2331 826 2371 in
861 2333 936 2373 suis
970 2331 1279 2374 testamentariis
1315 2334 1484 2376 Tabulis
1511 2331 1676 2376 voluisse
1710 2357 1724 2375 ‚
1753 2328 1867 2383 qued

562 2403 644 2445 pro
673 2387 946 2445 Cappellania
983 2389 1183 2431 sufficiens
1217 2389 1366 2433 fundus
1388 2392 1410 2434 ὲ
1436 2393 1505 2433 suo
1530 2385 1783 2431 Patrimonio
1796 2387 1866 2427 de·

560 2445 828 2493 traheretur,
864 2447 903 2488 in
938 2448 1143 2489 Codicillo
1181 2447 1284 2489 vero
1316 2445 1553 2502 praecepisse
1587 2473 1601 2492 9
1645 2442 1754 2497 qubd
1782 2458 1863 2500 Pro

563 2503 756 2545 omnibus
771 2504 904 2545 Miffis
943 2506 1198 2547 celebrandis
1219 2504 1306 2556 ejus
1327 2504 1542 2550 haereditas
1577 2513 1749 2542 onerata
1766 2514 1866 2543 cen-

566 2561 761 2602 seretur:
795 2560 886 2601 Nec
905 2562 1030 2601 ullum
1051 2562 1283 2616 legitimum
1297 2560 1319 2600 ὲ
1338 2559 1590 2617 Cappellano
1609 2556 1793 2613 proferri
1811 2561 1861 2600 In

561 2617 796 2661 ventarium
814 2621 1030 2662 Bonorum
1051 2618 1409 2661 haereditariorum
1428 2615 1657 2660 Testatoris
1674 2645 1686 2657 .

1747 2675 1814 2718 Ru
1821 2688 1858 2716 r·
