1981 2974
534 126 597 168 17.
623 111 774 155 Martii
798 112 918 167 1781.
1384 128 1439 173 47

125 167 385 210 Salfflfflmae
418 168 720 226 Assumptionis
768 171 846 213 effe
893 170 1073 213 redditus
1099 172 1442 228 amzuiscutorum

119 230 419 286 quinquaginta
438 242 525 268 cum
548 244 666 271 onere
683 229 897 284 Miffarum
916 230 1036 270 trium
1045 230 1209 288 fingula
1227 232 1442 275 hebdoma-

123 291 172 328 da
194 316 205 333 ‚
227 289 270 332 ρ’]
286 288 407 327 unius
425 286 872 343 Anuz'verfariifingulo
890 301 996 327 anno
1022 317 1032 327 .

65 344 111 383 In
148 344 446 397 pusterioribus
481 342 575 386 affis
595 344 810 385 Sacrarurn
826 343 1118 387 Vifitationum
1140 375 1153 394 ,
1180 361 1257 390 nec
1292 347 1437 389 nonin

122 401 322 448 Tabel135,
342 401 652 456 Codicibusque
692 399 999 457 Capitularibus
1035 404 1238 460 descripta
1267 405 1440 447 fuerunt

125 474 252 502 onera
271 459 469 500 Beneficii
489 459 613 502 modo
644 459 684 499 in
701 459 869 500 solemni
890 461 1009 500 Miffa
1030 463 1217 503 canenda
1238 463 1276 504 in
1296 463 1360 504 die
1378 463 1439 505 fe-

122 518 182 561 sto
204 515 505 572 Affumptionis
521 518 658 559 Beatae
674 516 826 559 Mariae
842 517 1030 574 Virginis
1052 548 1064 566 ,
1096 520 1222 562 modo
1257 521 1298 562 in
1332 535 1441 562 nna..
1481 570 1486 572 ,

123 576 287 616 tentum
307 575 427 617 Miffa
455 574 643 630 quolibet
674 574 738 616 die
771 576 1006 618 Dominico
1043 577 1289 618 celebranda
1311 607 1325 625 ‚
1352 579 1436 619 fre·

121 633 318 688 quentius
341 645 476 674 tamen
509 632 550 689 in
585 633 746 675 duobus
780 632 911 676 Miffis
932 634 1117 690 qualibet
1149 635 1405 677 hebdomada
1426 664 1442 683 ,

124 706 217 733 cum
237 690 536 733 Anniversario
571 691 761 746 quolibet
797 706 908 734 anno
928 707 1006 749 pro
1044 692 1266 735 Defunffis
1293 720 1304 734 .
1341 695 1439 736 Hoc

121 759 257 790 tamen
274 763 321 789 ex
338 748 394 789 eis
422 760 533 805 patet
550 749 754 793 incentum
773 778 786 798 ,
805 750 850 792 c&
870 751 973 792 ultra
994 762 1109 792 retro
1142 750 1258 792 annis
1283 782 1292 797 ‚
1326 751 1442 806 quod

122 821 215 847 curn
259 806 533 849 Beneficiatus
576 807 810 863 neglexisset
830 808 1004 864 implere
1038 823 1171 850 onera
1204 808 1442 857 Beneficii,

120 864 317 921 Episcopi
335 879 414 920 pro
449 876 642 920 tempore
662 866 881 908 existentes
919 868 959 907 in
993 865 1082 908 acciu
1114 866 1252 908 Sacrae
1286 865 1442 907 Vifita-

117 923 245 964 tionis
266 923 550 964 decreverunt
570 953 582 971 ‚
615 924 784 965 onera&
820 923 1077 967 Beneficiato
1111 925 1190 966 esse
1218 924 1443 980 adimplen-

117 980 168 1021 da
189 1010 202 1028 ,
233 978 326 1020 alias
345 978 710 1022 fru&usBeneficii
751 982 1064 1036 sequestrandos
1101 1014 1110 1029 ,
1143 981 1444 1023 dimittendos-

121 1051 201 1091 que
233 1068 242 1077 .
279 1036 350 1076 Ast
371 1036 394 1075 fi
416 1037 891 1078 BeneficiatusDecretis
913 1038 1100 1093 paruerit
1120 1069 1133 1085 ,
1158 1038 1224 1080 vel
1243 1037 1268 1078 sl
1305 1039 1444 1080 reddi-

122 1104 187 1134 tus
217 1093 288 1132 sub
306 1092 518 1146 sequestro
540 1092 839 1139 oofitifuerint
860 1124 873 1142 ‚
910 1094 977 1136 vel
995 1094 1137 1135 dimiffi
1172 1124 1184 1141 ‚
1216 1095 1324 1135 nulla
1372 1096 1439 1138 in.

119 1150 270 1191 eisdem
282 1148 377 1193 aens
396 1150 616 1192 Sacrarum
629 1150 922 1194 Visitationum
942 1151 1096 1207 legitur
1115 1150 1218 1194 facia
1249 1153 1439 1195 adnota-

119 1220 179 1250 tio
198 1235 212 1248 .

61 1267 152 1309 Hoc
171 1266 427 1308 Beneficium
448 1280 559 1310 nunc
578 1267 753 1324 poffidet
774 1267 964 1311 Clericus
983 1267 1113 1322 Julius
1134 1268 1298 1310 Civetti
1314 1299 1328 1317 ,
1359 1271 1434 1325 qui

118 1339 249 1366 onera
267 1325 465 1366 Beneficii
484 1326 658 1382 negligit
676 1359 686 1375 ‚
720 1338 765 1369 ut
788 1327 1066 1382 neglexerunt
1083 1325 1171 1379 ejus
1206 1327 1441 1368 Praedeces-

115 1383 229 1424 sores
246 1412 256 1422 .
287 1384 334 1423 In
351 1382 555 1439 postrema
572 1385 696 1427 Sacra
711 1383 962 1426 Vifitatione
983 1398 1076 1425 Cum
1098 1383 1432 1441 vigilantiffimus

115 1439 345 1497 Episcopus
364 1441 554 1482 Tabellas
574 1471 587 1489 ‚
619 1443 881 1498 Codicesque
913 1439 1196 1484 satisfac'kionis
1234 1441 1439 1498 piorum..

117 1512 294 1540 onerum
315 1498 471 1555 legiffet
489 1529 501 1547 ,
535 1499 646 1541 illum
666 1501 832 1542 vocavit
850 1531 864 1549 ‚
882 1512 927 1543 ut
954 1501 1128 1541 doceret
1143 1500 1194 1540 de
1212 1498 1278 1540 sua
1296 1513 1438 1540 exem„

112 1556 262 1613 ptione
281 1556 531 1612 adimplendi
556 1573 686 1601 onera
704 1558 902 1601 Beneficii
917 1558 1056 1599 saltem
1075 1558 1117 1598 in
1136 1555 1434 1598 duabusMiffis

119 1614 301 1668 qualibet
322 1615 579 1657 hebdomada
601 1646 613 1663 ‚
647 1617 750 1658 &in
772 1631 857 1658 uno
894 1613 1202 1656 Anniversario
1241 1613 1436 1668 quolibet

118 1686 226 1713 anno
249 1703 259 1720 ,
291 1673 515 1715 exadverso
537 1673 727 1715 Clericus
746 1674 984 1730 excipiebat
1021 1705 1034 1723 ,
1068 1685 1156 1711 non
1194 1670 1397 1712 univocas
1417 1702 1433 1720 ,

118 1743 195 1772 nec
221 1741 354 1771 certas
373 1732 450 1772 effe
468 1732 602 1787 quoad
625 1732 838 1773 Missarum
869 1743 999 1773 onera
1037 1727 1324 1770 enunciativas
1344 1729 1440 1771 tum

120 1787 163 1828 in
185 1787 281 1829 aeliz
303 1787 524 1830 Sacrarum
548 1789 844 1833 Visitationurn
864 1817 877 1835 ‚
910 1788 998 1829 turn
1017 1786 1059 1827 in
1091 1785 1278 1828 Tabellis
1299 1815 1311 1833 ,
1346 1786 1437 1828 Co-

123 1846 362 1902 dicibusque
396 1847 702 1902 Capitularibus
740 1846 914 1894 emissas,
944 1859 1021 1886 nee
1040 1859 1127 1887 non
1152 1854 1317 1885 attento
1339 1843 1444 1885 illo-

125 1917 215 1946 rurn
235 1904 605 1960 inadimplemento
628 1905 870 1962 perlapsum
903 1913 1072 1945 centum
1095 1932 1108 1950 ,
1139 1901 1184 1943 &
1217 1901 1329 1943 ultra
1366 1915 1440 1943 an-

127 1976 273 2003 norum
294 1964 463 2017 sequuto
485 1991 498 2011 ,
527 1962 707 2019 ideoque
727 1963 764 2004 se
781 1976 868 2006 non
887 1960 1024 2004 teneri
1042 1961 1091 2002 ad
1117 1958 1431 2016 adimplenten-

130 2028 216 2059 tum
233 2020 327 2062 diecti
349 2020 488 2063 oneris
509 2049 520 2059 .

75 2080 170 2137 Qua
191 2076 240 2117 de
275 2092 320 2119 re
352 2076 660 2127 Beneficiatus,
691 2078 980 2121 consentiente
1011 2074 1222 2132 Episcopo
1243 2102 1256 2121 ,
1289 2087 1444 2130 preces

130 2134 282 2175 obtulit
307 2135 782 2193 SacratiffimoPrincipi
800 2138 848 2178 ad
867 2135 971 2177 hanc
994 2134 1161 2176 Sacram
1189 2130 1445 2188 Congrega·

128 2193 290 2234 tionem
310 2194 482 2236 remissas
504 2223 516 2240 ,
550 2194 760 2250 postulans
775 2193 973 2236 declarari
995 2223 1009 2242 ,
1042 2190 1176 2247 ipsum
1204 2190 1248 2231 vi
1279 2201 1439 2233 cente-

130 2250 259 2291 nariae
276 2279 288 2296 ‚
325 2249 369 2291 &
386 2252 714 2308 praescriptionis
731 2263 974 2308 exemptum
993 2249 1071 2291 effe
1089 2250 1140 2291 ab
1165 2261 1347 2289 onerum
1366 2247 1449 2289 im-

131 2308 349 2363 plemento
371 2337 383 2355 ‚
417 2309 483 2347 vel
514 2309 690 2365 aliquam
720 2308 1019 2369 praedi&orum
1035 2319 1215 2349 onerum
1233 2305 1438 2346 imminu-

133 2367 294 2407 tionem
313 2364 400 2404 fieri
423 2364 579 2406 debere
597 2397 607 2407 .

76 2423 250 2465 Litterae
269 2436 349 2480 pro
368 2420 698 2469 Informatione,
723 2424 769 2465 ὅτ.
788 2433 899 2466 voto.
921 2452 933 2469 ‚
964 2430 1009 2461 ut
1030 2419 1155 2461 moris
1181 2417 1238 2458 est
1290 2446 1305 2466 ‚
1338 2417 1446 2460 datae

131 2481 301 2523 fuerunt
315 2480 522 2536 Episcopo
538 2509 551 2527 ‚
585 2480 653 2535 qui
675 2480 814 2521 retulit
833 2510 846 2528 ,
881 2480 924 2518 in
947 2475 1181 2531 Episcopali
1215 2473 1445 2517 Cancella-

133 2540 193 2580 ria
211 2538 404 2581 incassum
423 2538 608 2593 perquiri
627 2537 808 2580 Tabulas
828 2534 1096 2577 Fundationis
1118 2562 1131 2581 ‚
1164 2533 1394 2587 retulitque
1416 2549 1444 2570 =

131 2611 186 2637 ex
201 2596 310 2637 libris
324 2595 540 2649 Sacristtiae
554 2595 730 2649 constare
761 2596 990 2650 desequuto
1008 2591 1135 2648 officii
1157 2594 1285 2634 annui
1314 2591 1447 2631 adim-

120 2655 320 2710 pletnerzto
330 2655 465 2712 soluta
482 2655 742 2710 eleaemosyna
760 2655 784 2695 ὰ
806 2653 975 2699 Rec‘l'ore
986 2651 1106 2695 unius
1121 2651 1274 2696 Ducatl
1290 2661 1450 2715 argens

1395 2714 1449 2749 tec
