2008 2964
530 114 587 159 94
1039 99 1103 134 ω.
1123 91 1383 148 Maz'i'1781.·

524 158 727 213 constituti
759 153 918 208 antiqui
950 150 1148 192 Homines
1184 154 1224 192 ιἰι
1243 166 1378 193 eorum
1403 152 1576 195 Par-aecta
1609 157 1840 199 nominatos

524 215 730 258 Dosnlnici
748 215 796 253 de
813 213 916 251 Luca
929 209 1102 250 haeredes
1123 236 1136 255 ,
1168 223 1293 265 neque
1312 211 1433 264 ipsum
1452 211 1705 255 Dominicwn
1732 241 1742 253 .

468 275 628 319 Retulit
661 271 823 324 insuper
846 298 854 312 ‚
874 265 1035 308 Peritos
1053 266 1354 314 aestimatorem
1392 269 1540 322 eoique
1560 270 1792 325 praesertim
1820 301 1834 320 ‚

524 333 593 387 qui
635 330 683 369 de
723 323 885 367 recenti
925 323 989 364 illa
1021 323 1258 365 Territoria
1277 324 1406 366 metiti
1441 324 1532 367 sunt
1555 357 1564 372 ‚
1606 327 1801 369 acceffiire
1823 356 1839 376 ,

524 388 675 441 eosque
691 385 742 425 de
763 384 855 425 loco
876 380 1085 422 Cormolo
1119 380 1387 436 interrogaffe
1407 412 1420 430 ,
1447 383 1502 427 &t
1529 385 1747 442 responsum
1766 389 1834 428 de-

523 445 665 501 dlffese
677 443 837 498 penitus
855 442 1110 497 ignorarem
1132 441 1319 495 Itemque
1338 441 1533 496 antiquos
1552 443 1841 485 Catastrorum

523 502 711 544 Codices
731 495 962 553 perquisiile
985 526 997 542 .
1014 498 1060 538 ὄτ.
1078 511 1127 538 ex
1142 497 1188 538 iis
1216 497 1366 539 nullam
1404 498 1453 539 de
1484 498 1727 555 poffeffione
1747 513 1834 543 tam

522 556 802 601 Dominicide
820 557 956 601 Luca,
987 553 1111 610 quam
1124 553 1212 607 ejus
1241 556 1467 598 Haeredurn
1486 585 1499 604 ,
1535 557 1746 613 minusque
1779 558 1832 601 de

523 615 723 659 Cornioli
741 612 959 656 vocabulo
978 640 994 659 ‚
1022 626 1067 654 ac
1094 612 1143 654 de
1165 612 1304 655 Censu
1335 614 1526 656 notitiam
1563 615 1738 656 habuilse
1775 615 1839 656 ul·

523 675 600 717 lam
622 705 634 722 ‚
652 674 912 730 proindeque
929 668 1199 712 frustraneam
1219 671 1386 728 prorsus
1405 671 1517 713 fuilse
1544 671 1631 722 ejus
1649 686 1827 729 operam

524 735 596 775 hac
617 734 657 773 in
682 746 723 773 re
751 729 831 771 tam
851 727 1074 784 diligenter
1094 757 1109 776 ‚
1124 730 1402 784 accurateque
1420 741 1610 772 navatam
1632 762 1643 772 .

467 796 565 852 Quo
583 789 714 846 polito
729 819 742 836 ‚
774 801 852 844 pro
866 786 998 841 aliqua
1013 785 1271 842 impetranda
1291 787 1504 829 Miffarum
1521 818 1533 835 ,
1567 789 1632 830 vel
1650 789 1831 831 aliorum

523 862 703 893 onerum
726 843 969 887 redufflone
994 858 1103 886 nunc
1129 844 1152 886 a
1172 846 1395 888 Sacerdote
1412 846 1631 900 Pellegrini
1652 860 1837 888 renova·

519 920 589 950 tur
622 904 840 952 instantia3
874 901 1034 957 Regula
1061 901 1115 944 est
1135 901 1252 956 hujus
1274 903 1411 944 Sacrae
1432 903 1796 958 Congregationis
1821 931 1836 952 ,

515 964 630 1021 quod
651 963 808 1017 reliqua
828 960 967 1017 potius
992 973 1147 1005 onera,
1177 964 1299 1017 quam
1322 959 1456 1001 Miffae
1496 962 1656 1002 ratione
1695 960 1835 1001 suffra·

519 1023 577 1078 gii
602 1050 614 1068 ‚
637 1021 870 1062 reducenda
888 1016 962 1059 siut
983 1047 996 1065 ,
1030 1018 1099 1059 nisi
1118 1019 1236 1060 aliter
1257 1019 1414 1059 suadeat
1433 1018 1663 1059 Testatoris
1684 1018 1837 1058 volun·

514 1092 575 1122 tas
595 1092 642 1118 ex
659 1077 820 1118 traditis
842 1089 914 1130 per
942 1080 1122 1131 Pagrum.
1140 1077 1179 1116 in
1197 1090 1279 1131 cap·
1306 1076 1374 1116 Ex
1385 1085 1505 1131 parte
1520 1091 1630 1116 num.
1651 1088 1718 1130 34.
1755 1078 1834 1118 de„

515 1135 679 1185 Conftit.
702 1165 715 1182 ‚
747 1133 966 1175 Monacell.
984 1142 1089 1187 part.
1110 1146 1142 1172 1.
1163 1136 1222 1175 tit.
1250 1131 1448 1185 10.f0rm.
1489 1147 1557 1190 ¹9·
1591 1149 1701 1173 num.
1727 1144 1793 1186 25.
1819 1162 1831 1179 ‚

512 1196 660 1251 ἅψει).
687 1222 699 1239 ,
731 1191 775 1233 ἃ.
812 1190 899 1231 haec
928 1189 1051 1230 Sacra
1082 1189 1373 1245 Congregatio
1404 1191 1445 1230 in
1480 1192 1663 1232 Romanu
1694 1190 1834 1232 Redu-

511 1254 656 1295 έῖίοηὶε
673 1251 834 1292 Servi'tii
854 1249 975 1289 Chori
998 1277 1009 1294 ,
1026 1251 1070 1289 ot.
1092 1249 1301 1304 Migsarufiz
1327 1249 1386 1289 18.
1413 1247 1564 1302 Aprilis
1591 1261 1710 1301 1722.

463 1310 531 1354 An
552 1322 689 1351 autem
705 1306 984 1348 reducendum
1022 1306 1157 1360 potius
1178 1305 1221 1346 lit
1254 1304 1385 1344 Cbori
1422 1305 1635 1347 servitium
1656 1335 1667 1353 ,
1701 1304 1826 1361 quam

515 1368 653 1411 Miffae
690 1366 730 1406 in
769 1361 986 1404 Laterculo
1020 1374 1261 1418 nuncupato
1295 1363 1504 1404 Vacclzetta
1541 1363 1707 1419 scriptae
1728 1391 1740 1410 ‚
1775 1365 1827 1404 de

516 1427 664 1482 quibus
685 1422 793 1463 nulla
812 1432 922 1463 extat
944 1422 1142 1460 memoria
1162 1449 1173 1465 ‚
1192 1421 1405 1474 ignoratur
1444 1421 1657 1463 fundator
1678 1450 1690 1468 ‚
1729 1421 1832 1461 defi-

516 1484 656 1539 citque
685 1479 873 1520 fundatio
891 1506 904 1524 ‚
922 1479 1043 1532 quasq
1059 1493 1097 1518 ie
1119 1476 1422 1518 mansionarius
1455 1479 1639 1520 celebrat
1677 1476 1829 1532 absque

514 1542 614 1582 dote
635 1569 647 1586 ,
664 1539 708 1579 ἃ.
731 1541 880 1589 abique
900 1535 1161 1588 eleemosyna
1176 1563 1187 1580 ‚
1206 1549 1353 1575 munus
1373 1535 1454 1577 erit
1470 1534 1830 1578 Eminentiffimo·

516 1612 609 1639 rum
628 1599 794 1636 Patrum
815 1599 1048 1633 decernere
1068 1592 1309 1633 definiendo
1335 1622 1344 1632 .

454 1655 526 1701 ‘An
545 1684 559 1705 ‚
589 1655 645 1701 ὅσ
675 1653 876 1716 quomodo
883 1649 940 1706 fit
957 1650 1070 1693 locus
1084 1650 1310 1694 reclamant
1329 1651 1370 1693 in
1387 1652 1476 1709 casu
1497 1652 1579 1697 ἃς.

83 1989 423 2049 Seffi14·00p·7·
538 2000 939 2048 ENOGALLIEN.
975 1999 1461 2046 DisPENsAT‘oNJs
1486 1998 1557 2041 AB
1574 1993 1827 2043 mamu-

84 2050 132 2091 de
149 2046 324 2107 Reform.

556 2061 882 2104 LARITATE.
924 2060 1128 2103 Sacerdos
1149 2059 1362 2102 Antonius
1382 2059 1431 2099 de
1451 2059 1634 2099 Grandis
1648 2060 1668 2101 e
1685 2060 1827 2102 Terra

514 2120 681 2164 Montis
699 2118 740 2160 S.
762 2118 851 2159 Viti
874 2119 1069 2160 Anconae
1090 2115 1409 2172 Senogalliensis
1427 2116 1624 2160 Diaecesis
1644 2116 1822 2172 postulat

512 2178 859 2237 dispensationem
890 2178 937 2217 ab
957 2174 1262 2230 lrregularitate
1283 2174 1439 2215 incursa
1470 2187 1649 2231 propter
1681 2185 1821 2231 patra·

512 2249 600 2278 tum
624 2234 893 2277 homicidium
915 2235 979 2275 sui
999 2233 1180 2288 germani
1203 2230 1356 2273 Fratris
1378 2263 1386 2271 .

455 2296 619 2338 Oblatis
638 2291 831 2350 precibus
846 2290 1245 2334 SANCTissliviO
1278 2289 1530 2330 DOMINO
1562 2286 1814 2328 NOSTRO

511 2352 731 2397 narravit,
762 2348 899 2391 mense
931 2348 1085 2405 Aprilis
1118 2349 1213 2391 anni
1239 2362 1355 2403 1777·
1393 2347 1433 2388 in
1455 2346 1509 2387 sui
1529 2342 1812 2386 defensionem

509 2414 701 2454 Fratrem
719 2409 830 2449 suum
867 2422 1109 2463 germanum
1139 2418 1345 2449 amentem
1365 2434 1378 2453 ‚
1408 2400 1663 2446 &furiosum
1686 2400 1814 2441 inter·

507 2469 644 2512 secisse
664 2467 752 2507 :Re
771 2476 906 2507 autem
925 2466 975 2508 ad
999 2472 1148 2509 Forum
1169 2460 1477 2507 contentiosum
1504 2458 1636 2498 delata
1654 2485 1667 2503 ‚
1700 2458 1815 2511 judi.

508 2541 600 2569 cem
633 2522 952 2566 Ecclefiasticum
974 2524 1049 2566 lata
1083 2522 1303 2564 Sententia
1332 2517 1466 2559 mense
1503 2512 1702 2556 ofiobris
1744 2530 1816 2557 an·

509 2585 551 2625 ni
576 2584 697 2638 1778.
717 2595 809 2622 eum
827 2580 850 2621 ’ἐι
867 2596 1124 2635 quacumque
1140 2592 1261 2634 paena
1283 2573 1462 2617 criminis
1480 2571 1713 2614 absolutam
1744 2574 1817 2614 de-

506 2642 668 2683 claraffe
686 2672 697 2689 ,
720 2637 804 2696 quo
825 2638 930 2681 vero
947 2639 996 2681 ad
1025 2630 1557 2691 irregularitatern-edixisse
1571 2663 1587 2683 ,
1613 2631 1813 2730 quodnap

1709 2701 1719 2729 i
1755 2700 1815 2731 ius
