2002 2959
541 137 582 178 3.
602 122 773 181 Augusti
797 119 920 176 1782·*
1373 131 1390 160 1
1405 136 1452 176 17

148 181 203 228 ὃς
221 181 306 232 eius
326 182 446 223 Pater
471 194 699 237 erogarunt
723 195 799 236 pro
817 175 1112 222 restauratione
1132 175 1280 217 domus
1301 175 1457 221 relictae

149 256 170 281 a
193 241 301 280 Luca
323 240 547 281 Cravenna
567 270 576 279 .
615 240 850 282 Videndum
868 251 917 277 an
953 234 1275 288 reintegrationi
1301 249 1457 292 expen-

147 299 282 339 sarum
297 298 434 338 obesse
457 297 576 354 potiit
610 295 801 352 neglecta
828 293 1046 338 Miffarum
1075 293 1307 339 celebratio
1328 322 1340 341 ‚
1429 310 1454 337 0

150 356 303 412 quibus
323 353 450 396 dictus
481 356 661 407 Joannes
680 354 859 410 Baptista
892 348 1241 408 compositionem
1274 309 1455 397 retulitsa

150 413 370 458 Tribunali
389 414 497 453 Rev.
524 413 709 455 Fabricae
729 414 772 454 S.
792 413 907 459 Petri
927 440 938 453 .
992 411 996 413 ’

96 472 222 517 Circa
239 471 412 529 petitam
427 469 714 513 redunionem
732 483 910 516 onerum
924 469 1226 510 advertendum
1247 498 1259 517 ,
1277 469 1388 526 quod
1409 469 1455 514 li-

152 542 222 571 cet
241 543 288 571 ea
305 528 568 584 indulgeatur
588 527 612 568 s1
633 527 816 585 capitalia
832 527 1050 585 deperdita
1085 526 1244 569 fuerint
1259 557 1270 574 ‚
1287 529 1342 572 ὅς
1362 529 1454 567 νεὼ

152 588 262 629 ditus
281 586 545 636 defecerint,
573 586 835 628 nihilominus
859 584 947 631 haec
982 585 1125 640 regula
1166 585 1454 627 limitationem

155 646 316 701 patitur
336 674 348 694 ‚
363 643 388 684 fi
403 645 490 699 spes
521 643 715 699 effulgeat
731 642 1005 699 recuperandi
1025 644 1135 686 bona
1157 672 1170 691 ,
1205 644 1271 684 vel
1298 644 1345 683 ad
1380 657 1456 684 re-

152 702 486 756 integrationem
506 700 769 746 alienantium
790 699 978 746 haeredes
1009 700 1115 756 adigi
1150 699 1302 756 possint
1321 730 1332 740 .
1353 701 1459 741 Ani-

155 761 423 803 madvertere
439 758 604 813 praestat
620 757 769 805 dits-tum
791 758 940 806 Lucam
960 757 1069 803 ultra
1102 758 1364 800 medietatem
1385 760 1460 799 (102-

154 831 246 861 mus
265 816 470 870 ,reliquisse
489 816 617 858 etiam·
633 816 835 862 Praedium
851 835 879 855 =
904 816 1118 872 Valgelata
1139 833 1167 855 =
1187 848 1198 864 ‚
1216 817 1327 872 quod
1348 829 1462 857 ven-

156 874 288 917 ditum
307 873 385 920 fuit
404 888 423 915 a
441 875 620 932 Josepho
638 874 813 921 Anfosso
833 903 846 922 ‚
876 873 921 916 δι’,
946 886 1174 932 propterea
1194 873 1463 932 perpenden-

154 932 252 974 dum
270 963 280 979 ‚
317 946 417 974 num
453 932 561 978 istius
598 933 820 975 haereditas
854 932 1041 988 cogenda
1058 929 1103 974 fit
1131 933 1181 973 ad
1214 932 1464 977 damnorum

154 990 493 1035 emendationem
512 1005 524 1042 3
545 990 687 1049 Atque
711 989 805 1033 hinc
827 989 1120 1045 inquirendum
1145 990 1194 1030 de
1216 990 1374 1032 viribus
1394 988 1466 1030 do-

155 1047 341 1089 nationis
359 1050 408 1088 ab
424 1062 474 1090 eo
495 1049 674 1106 expletae
693 1051 742 1092 de
763 1061 873 1089 anno
907 1059 1057 1102 1752.;
1099 1049 1192 1095 Prae
1225 1047 1354 1092 oculis
1389 1046 1469 1087 ha-

155 1104 338 1146 bendum
361 1105 416 1146 est
437 1106 544 1151 illius
562 1107 876 1151 Testamentum
901 1135 914 1154 ‚
932 1107 973 1146 in
998 1119 1082 1160 quo
1108 1106 1220 1146 usum
1240 1106 1387 1146 domus
1407 1118 1470 1143 re-

152 1161 277 1216 liquit
295 1163 524 1209 Dominico
540 1164 820 1219 Gerardengo
853 1164 923 1205 sub
956 1164 1045 1217 lege
1067 1194 1077 1209 ‚
1112 1164 1223 1218 quod
1260 1163 1471 1219 persolve·

154 1230 221 1260 ret
239 1232 395 1260 annuas
415 1220 485 1261 lib.
512 1235 603 1268 120·
624 1253 633 1268 ‚
656 1233 700 1267 ut
718 1222 814 1262 inde
833 1221 997 1263 definiri
1014 1221 1144 1265 valeat
1163 1250 1175 1267 ‚
1195 1234 1242 1261 an
1265 1221 1391 1260 altera
1412 1218 1472 1262 di-

153 1278 229 1323 &ae
248 1278 393 1319 domus
414 1292 507 1334 pars
527 1279 660 1321 libera
678 1279 754 1321 dici
777 1290 900 1333 queat
920 1307 932 1329 ,
967 1278 1022 1318 ita
1056 1290 1100 1318 ut
1134 1277 1261 1319 dietus
1289 1279 1472 1330 joannes

160 1335 340 1390 Baptista
356 1335 462 1376 illam
481 1335 661 1378 alienare
679 1336 801 1392 poffit
817 1350 895 1392 pro
916 1335 1119 1377 nubendis
1142 1336 1229 1387 ejus
1245 1335 1403 1377 filiabus
1427 1365 1437 1375 ,

99 1391 282 1434 Demum
309 1407 401 1433 cum
417 1394 582 1434 Domus
615 1395 779 1434 ruinam
796 1395 981 1439 minetur
999 1422 1012 1441 ‚
1035 1393 1380 1439 considerandum
1401 1392 1474 1440 est,

160 1464 212 1491 an
233 1449 427 1505 expediat
449 1449 556 1491 illius
576 1450 772 1492 alienatio
792 1480 804 1498 ‚
824 1452 1074 1506 insuperque
1099 1481 1110 1498 ,
1126 1465 1180 1491 ne
1201 1453 1265 1506 pia
1286 1451 1478 1491 Testato-

159 1507 218 1550 ris
259 1507 452 1549 voluntas
495 1507 797 1549 detrimentum
821 1508 998 1563 patiatur
1022 1536 1034 1554 ‚
1057 1509 1354 1562 inquirendum
1396 1507 1476 1551 erit

166 1566 212 1607 in
248 1578 369 1619 quam
403 1565 558 1606 causam
594 1564 764 1622 erogari
791 1566 939 1608 debeat
977 1566 1159 1620 pretium
1201 1566 1249 1604 ab
1286 1579 1330 1605 ea
1348 1574 1479 1606 retra-2

164 1622 354 1666 bendum
375 1653 383 1661 .
978 1621 981 1627 '

104 1680 196 1721 Post
217 1681 305 1721 haec
328 1680 412 1721 ΕΙΞ.
434 1681 510 1724 ΡΡ.
533 1681 798 1727 decernent,

72 1770 73 1773 ,
101 1739 134 1778 Ι.
168 1738 234 1779 An
254 1767 266 1785 ‚
291 1739 390 1783 dria
409 1753 491 1794 qua
507 1742 670 1798 summa
686 1739 740 1794 fit
760 1741 875 1783 locus
892 1739 1196 1795 reintegrationi
1217 1737 1476 1794 expensarum,

221 1798 264 1836 in
285 1796 376 1850 casu
400 1797 492 1840 &c-

106 1853 158 1892 ΙΙ.
194 1852 260 1895 Aa
283 1883 294 1899 ‚
320 1854 364 1899 <ly
380 1853 419 1894 ἰη
436 1869 516 1910 qua
538 1855 767 1909 quantitate
784 1854 840 1908 fit
856 1856 969 1897 locus
989 1854 1215 1896 reducffioni
1229 1852 1443 1908 Miffurum
1465 1880 1472 1889 ,.

112 1910 180 1953 111.
214 1911 280 1956 An
304 1939 318 1958 2
349 1911 404 1955 ὅσ
431 1913 636 1969 quomodo
666 1911 714 1964 fit
741 1913 855 1955 locus
881 1913 1103 1958 venditioni
1137 1911 1293 1954 Domus
1326 1912 1366 1950 in
1398 1923 1476 1951 ca-

219 1970 264 2024 su
289 1969 367 2014 &a

220 2081 289 2125 Ad
306 2083 338 2126 I.
359 2111 373 2130 ,
394 2083 437 2124 &
453 2086 505 2125 ΙΙ.
526 2084 769 2140 Negative:
799 2064 865 2128 Ad
886 2087 955 2126 III.
975 2085 1175 2128 scribatur
1194 2082 1399 2139 Episcopo
1426 2081 1474 2122 ad

279 2152 462 2182 mentem
480 2172 493 2190 ,
524 2144 704 2187 &mens
726 2145 780 2186 est
801 2173 814 2192 ,
845 2145 958 2200 quod
997 2144 1103 2184 idem
1139 2141 1304 2188 videat,
1337 2152 1477 2180 utrum

277 2195 634 2255 restauraripoffit
649 2203 813 2244 Domus
842 2203 1007 2243 mandet
1044 2200 1292 2246 restaurari,
1325 2208 1477 2250 quate-

281 2267 479 2297 nusvero
514 2256 724 2298 restaurari
764 2273 850 2300 non
885 2257 1005 2313 poffit
1040 2256 1197 2314 praevia
1216 2253 1478 2295 AEdi&orum

282 2311 481 2354 affixione
498 2313 702 2356 vendatur
719 2344 730 2361 ,
755 2315 801 2357 ἂ.
818 2316 1116 2361 retrahendum
1132 2314 1320 2368 'pretium
1353 2309 1480 2363 depo-

284 2381 407 2410 natur
434 2372 472 2410 in
496 2371 582 2412 Ede
604 2371 711 2412 sacra
727 2373 776 2417 ad
809 2372 999 2417 effec‘ium
1031 2370 1279 2417 investiendi
1308 2367 1479 2413 favore-2·

283 2426 573 2484 Cappellaniae
596 2456 607 2467 .

220 2541 530 2589 ERENTINA
563 2543 815 2585 SERVITII
849 2545 1042 2587 CHORI
1078 2574 1088 2587 .
1123 2545 1364 2601 Capitulum
1398 2546 1476 2587 Ca·
1512 2553 1850 2611 Seffiv24flcapalzp

234 2600 428 2642 thedralis
448 2601 641 2643 Ecclesiae
661 2602 877 2644 ferentini
899 2615 1087 2644 numerat
1108 2604 1384 2659 septendecim
1401 2604 1479 2645 Ca-
1513 2616 1562 2656 de
1580 2600 1758 2668 Reform.

174 2657 351 2698 nonicos
371 2687 382 2704 ‚
403 2660 446 2699 ἃ.
465 2671 644 2713 quatuor
665 2660 961 2703 Beneficiatos.
983 2661 1311 2716 Uniuscujusque
1333 2661 1474 2706 Cano-

174 2714 336 2759 nicatus
355 2729 516 2760 annuus
534 2717 716 2760 redditus
739 2716 791 2760 est
811 2719 1021 2762 scutorum
1041 2730 1230 2770 centurn,
1248 2719 1477 2777 &triginta

1392 2789 1476 2824 §.119⁹
