2002 2959
554 122 595 161 3.
617 107 794 164 Augusta·
825 107 948 163 ¹782:
1382 122 1462 167 τος

142 165 194 206 lio
215 163 427 207 Bafileenfi
447 166 730 222 Sess.21.can.
755 177 793 219 5.
819 166 993 208 habetur
1022 165 1364 225 :Quoscumque
1376 168 1467 211 Be:

142 224 355 279 szeficiatos
373 253 385 272 ,
407 225 481 282 seu
499 225 542 265 in
555 223 692 266 Sacris
712 223 946 276 constitutos
967 255 977 271 ‚
1008 239 1098 269 curn
1125 228 1183 268 ad
1197 229 1317 268 horas
1336 226 1467 269 Cano-

141 285 259 326 nicos
279 294 490 326 teneantur
509 311 521 328 ,
552 284 742 323 admonet
757 283 840 324 lzaec
855 283 1003 327 Sanan
1038 283 1258 340 Synodusl,
1287 294 1333 326 ut
1354 284 1467 342 five..

131 340 218 400 soli
236 370 251 389 ,
264 341 346 391 five
358 341 541 399 affociati
556 341 748 381 diurnum
767 369 777 386 ‚
795 342 1114 397 nuffar-numque
1130 342 1314 397 Offieium
1333 344 1464 388 verbis

143 399 548 458 dfiinffisperganm
577 398 622 438 Id
640 397 770 454 ipsum
788 398 1060 438 confirmatur
1078 412 1128 440 ex
1147 399 1328 452 synodis
1347 402 1463 442 Mar-

144 457 310 513 ciacenfi
327 462 423 500 anni
446 456 566 510 1526.
588 470 676 511 cap.
709 468 772 511 19.
793 482 806 502 ‚
835 454 1181 511 &Burdigalenfi
1209 457 1331 508 1582.
1351 460 1462 511 tit.3.

145 517 197 559 de
226 515 503 570 Ecclesiastc‘cis
514 511 841 570 praestationibus
879 539 890 550 .
937 511 1052 571 Quin
1073 514 1200 555 immo
1220 515 1464 558 Concilium

146 572 430 615 Lateranense
449 574 644 630 v.sess.9.
666 568 874 611 celebrata
890 583 1002 612 anno
1027 584 1149 626 1514.
1175 601 1187 619 ,
1224 573 1464 616 Beneficia·-

147 641 216 674 tos
236 645 381 674 omnes
400 661 413 679 ‚
444 631 515 685 qui
543 630 630 685 post
649 630 714 669 sex
732 628 887 668 menses
903 627 951 668 ab
971 628 1118 684 adepta
1137 631 1334 682 Beneficii
1362 632 1463 684 pos-

144 688 320 731 seffione
336 687 553 731 canonicas
577 686 699 728 horas
720 697 806 726 non
824 683 1103 740 persolverint
1125 719 1135 735 ‚
1165 701 1388 743 perceptos
1407 703 1456 731 ex

151 747 363 789 Beneficio
383 744 540 788 fruetus
563 743 779 788 restituere
798 741 917 796 jubet
933 773 945 784 .

87 803 315 847 {ndifitama
335 802 599 847 Lateranenli
613 800 811 844 Concilio
829 814 999 858 poenam
1019 812 1171 844 contra
1191 804 1465 846 Beneficiatos

152 862 341 904 divinum
361 861 561 903 Officium
577 861 753 905 recitare
774 861 1151 914 praetermittentes
1190 890 1202 908 ,
1236 863 1277 902 S.
1301 863 1392 904 Pius
1409 863 1464 903 V.

153 920 328 962 Litteris
346 918 602 976 Apostolicis
617 948 631 967 ,
661 932 836 976 quarum
855 917 1018 960 initium
1036 919 1088 960 est
1110 938 1133 960 :
1153 920 1220 961 Ex
1232 923 1421 977 proximo
1439 937 1467 958 =

150 979 221 1019 sub
241 979 380 1020 datum
395 991 464 1021 20.
487 977 892 1034 Septembrlsrt571-
911 1005 924 1023 ‚
958 989 1009 1017 ne
1031 977 1125 1018 dum
1163 979 1433 1020 confirmavit
1453 1008 1467 1026 ‚

147 1050 298 1077 verum
338 1036 461 1079 etiam
490 1035 659 1078 modum
684 1033 951 1078 executionis
980 1036 1209 1089 praefinivit
1241 1067 1251 1076 .
1305 1036 1465 1078 Statuit

150 1092 263 1135 enim
285 1124 298 1141 ‚
324 1104 370 1137 ut
388 1093 457 1150 qui
480 1106 564 1136 uno
582 1123 596 1142 ,
628 1094 695 1135 vel
719 1092 902 1150 pluribus
921 1092 1064 1134 diebus
1084 1106 1228 1134 omnes
1250 1094 1370 1134 horas
1390 1108 1464 1135 ca-

149 1151 323 1193 nonicas
342 1152 520 1194 recitare
540 1150 759 1195 omitteret
776 1179 789 1198 ,
819 1148 973 1193 fruetus
992 1151 1191 1204 Beneficii
1233 1152 1278 1192 iis
1315 1153 1461 1192 diebus

147 1207 454 1263 respondentes
488 1209 711 1264 perderet.
742 1208 831 1266 Qul
859 1222 964 1251 vero
989 1209 1247 1251 Matutinum
1283 1222 1470 1250 tantum,

143 1265 364 1309 omitteret
383 1295 397 1314 ,
427 1265 636 1311 dimidiam
653 1265 860 1309 fruetuum
880 1276 1042 1322 partem
1062 1282 1073 1315 ;
1107 1268 1190 1324 Qui
1208 1267 1300 1309 alias
1320 1282 1466 1308 omnes

114 1365 117 1367 ,
143 1321 288 1371 horas,
306 1323 424 1367 aliam
442 1323 683 1367 dimidiam:
717 1325 800 1382 Qui
818 1333 955 1366 autem
974 1323 1148 1380 singulas
1170 1325 1463 1373 boras‚sextam

144 1391 308 1435 partem
329 1380 526 1435 perderet
545 1413 555 1422 .
586 1384 798 1424 Praeterea
816 1381 998 1427 monitos
1015 1383 1152 1424 voluit
1171 1398 1316 1426 omnes
1337 1385 1469 1424 Bene-

145 1436 227 1490 ficij
250 1438 491 1493 possessores
511 1467 526 1487 ,
549 1439 662 1494 quod
681 1437 706 1478 li
725 1439 867 1494 primis
890 1440 954 1480 sex
972 1439 1184 1483 Mentibus
1206 1443 1353 1496 absque
1373 1440 1473 1494 legi-

145 1496 250 1537 timo
265 1495 569 1552 impedimento
589 1495 793 1539 Officium
812 1509 899 1538 non
920 1497 1154 1539 recitassent
1170 1513 1298 1554 grave
1317 1512 1472 1554 pecca-

157 1564 247 1594 tum
266 1564 582 1595 committerent
607 1583 618 1600 ‚

100 1613 311 1669 Quaerunt
322 1610 536 1652 Doctores
554 1640 570 1661 ‚
601 1623 650 1653 an
668 1621 863 1652 teneatur
883 1610 1004 1652 horas
1024 1611 1259 1654 canonicas
1279 1611 1469 1670 quotidie

145 1669 327 1710 recitare
347 1696 362 1714 ,
393 1669 464 1725 qui
485 1667 601 1710 tenui
618 1668 801 1711 redditus
823 1667 1080 1710 Beneficium
1101 1669 1295 1726 possideat
1311 1700 1321 1710 .
1342 1672 1465 1712 Sotus

148 1728 198 1768 de
209 1725 307 1780 Just.
330 1726 398 1767 lib.
426 1739 490 1768 10.
510 1726 645 1784 quaest.
666 1736 706 1781 5.
725 1735 803 1768 art.
823 1740 865 1782 3.
884 1727 1116 1769 Tatnburln.
1150 1730 1191 1768 in
1212 1743 1252 1769 2.
1291 1729 1359 1769 lib.
1384 1728 1464 1769 De·

144 1795 242 1827 cret.
263 1794 399 1839 cap.5.
418 1781 509 1840 §.n
525 1795 713 1839 nutum&
734 1784 966 1840 negativam
990 1783 1252 1826 Sententiam
1268 1797 1467 1828 tuentur1

144 1840 234 1882 Alii
250 1851 389 1882 tamen
407 1841 606 1882 sustinent
622 1841 845 1896 aliquando
865 1841 904 1882 iu
924 1855 1032 1883 anno
1051 1842 1099 1883 ad
1137 1842 1370 1885 recitandas
1394 1843 1470 1884 ho·

146 1911 212 1939 ras
230 1897 469 1940 Canonicas
490 1897 736 1941 obstrifium
752 1898 830 1940 effe
847 1928 858 1940 .
891 1897 993 1940 Non
1013 1899 1160 1941 desunt
1186 1899 1282 1948 alii,
1316 1902 1386 1956 qui
1409 1902 1470 1941 su-

146 1955 301 1997 stinent
321 1956 548 1998 nullimode
567 1969 736 2005 teneri,
768 1956 793 1998 si
813 1956 1030 1998 Beneficio
1049 1958 1183 2014 aliqua
1211 1959 1368 2001 adnexa
1390 1956 1469 2000 sint

148 2026 281 2055 onera
298 2042 313 2063 ,
342 2028 449 2068 quos
465 2014 576 2056 inter
596 2015 772 2073 Vosque3
792 2017 842 2057 de
858 2014 991 2069 Benef.
1010 2029 1145 2071 cap.4.
1166 2015 1255 2073 §.L
1277 2018 1372 2058 dub.
1389 2028 1433 2071 4.
1455 2046 1467 2058 .

147 2070 336 2114 Demum
350 2073 538 2131 Fagnan.
555 2077 597 2115 in
613 2073 981 2131 cap-Conquerente
992 2077 1042 2118 de
1060 2073 1288 2118 Glale-non
1305 2074 1468 2130 refiden.

147 2142 261 2170 num·
282 2130 323 2170 8-
342 2157 353 2168 ·
375 2132 476 2185 &9.
506 2131 717 2179 affirmat,
747 2133 858 2188 quod
891 2132 1085 2184 Beneficii
1118 2134 1296 2175 tenuitas
1330 2164 1343 2182 ‚
1379 2146 1469 2175 non

146 2185 289 2230 eximit
311 2187 610 2231 Beneficiatum
626 2205 649 2233 a
668 2190 916 2233 recitatione
938 2190 1086 2232 Divini
1102 2189 1245 2242 Officii
1276 2219 1288 2239 ‚
1320 2205 1464 2247 quem-

148 2244 371 2285 admodum
391 2257 477 2287 non
497 2248 745 2289 excusatura
760 2246 978 2289 residentia
1009 2260 1060 2292 ex
1074 2260 1125 2290 eo
1144 2249 1256 2303 quod
1276 2247 1465 2290 redditus

149 2302 350 2354 Beneficii
371 2304 419 2344 ad
438 2305 626 2358 propriae
643 2304 743 2346 vitae
760 2303 1098 2346 sustentationem
1115 2317 1201 2353 non
1233 2303 1439 2346 sufficiant
1457 2308 1498 2354 ,Γ

152 2374 245 2402 cum
262 2360 417 2403 arctior
434 2361 479 2403 lit
499 2361 702 2417 obligatio
719 2361 922 2405 recitandi
959 2360 1163 2404 Officimn
1183 2389 1197 2410 ‚
1220 2374 1341 2419 quam
1372 2359 1472 2403 resi-

159 2419 285 2460 dendi
303 2451 314 2461 .

94 2474 220 2517 Hanc
239 2477 495 2520 Sententiam
522 2478 656 2519 secuta
673 2476 727 2519 est
747 2475 839 2519 Sac.
859 2472 1003 2530 Cong.
1038 2473 1080 2516 in
1100 2474 1295 2530 Caj'etana
1316 2505 1328 2517 .
1362 2474 1474 2518 Cum

154 2533 270 2574 enim
294 2537 457 2589 quidam
476 2533 669 2578 Clericus
702 2533 937 2577 obtinuerit
954 2533 1206 2576 Beneficium
1239 2531 1475 2589 simplex'de

152 2589 495 2646 inrepatronatus
530 2622 543 2642 ,
577 2594 622 2636 &
657 2593 744 2649 post
795 2593 986 2647 adeptam
1020 2591 1125 2634 illius
1158 2590 1476 2648 possessionem..

150 2651 375 2702 agnoverit
393 2664 551 2695 annuos
573 2651 674 2693 illius
692 2650 876 2694 redditus
894 2650 942 2690 ad
961 2664 1098 2692 annua
1112 2651 1260 2693 ducata
1288 2658 1470 2705 quatuor

150 2705 222 2749 vix
236 2708 485 2766 pertingere
505 2739 519 2760 ,
549 2708 797 2768 supplicavit
814 2708 1048 2757 declarari,
1079 2722 1130 2751 an
1151 2707 1318 2752 ratione
1335 2705 1469 2769 tenui-

1376 2772 1472 2806 tatis
